%YAML 1.1
%TAG !u! tag:unity3d.com,2011:
--- !u!29 &1
OcclusionCullingSettings:
  m_ObjectHideFlags: 0
  serializedVersion: 2
  m_OcclusionBakeSettings:
    smallestOccluder: 5
    smallestHole: 0.25
    backfaceThreshold: 100
  m_SceneGUID: 00000000000000000000000000000000
  m_OcclusionCullingData: {fileID: 0}
--- !u!104 &2
RenderSettings:
  m_ObjectHideFlags: 0
  serializedVersion: 8
  m_Fog: 0
  m_FogColor: {r: 0.5, g: 0.5, b: 0.5, a: 1}
  m_FogMode: 3
  m_FogDensity: 0.01
  m_LinearFogStart: 0
  m_LinearFogEnd: 300
  m_AmbientSkyColor: {r: 0.212, g: 0.227, b: 0.259, a: 1}
  m_AmbientEquatorColor: {r: 0.114, g: 0.125, b: 0.133, a: 1}
  m_AmbientGroundColor: {r: 0.047, g: 0.043, b: 0.035, a: 1}
  m_AmbientIntensity: 1
  m_AmbientMode: 3
  m_SubtractiveShadowColor: {r: 0.42, g: 0.478, b: 0.627, a: 1}
  m_SkyboxMaterial: {fileID: 0}
  m_HaloStrength: 0.5
  m_FlareStrength: 1
  m_FlareFadeSpeed: 3
  m_HaloTexture: {fileID: 0}
  m_SpotCookie: {fileID: 10001, guid: 0000000000000000e000000000000000, type: 0}
  m_DefaultReflectionMode: 0
  m_DefaultReflectionResolution: 128
  m_ReflectionBounces: 1
  m_ReflectionIntensity: 1
  m_CustomReflection: {fileID: 0}
  m_Sun: {fileID: 0}
  m_IndirectSpecularColor: {r: 0, g: 0, b: 0, a: 1}
--- !u!157 &3
LightmapSettings:
  m_ObjectHideFlags: 0
  serializedVersion: 11
  m_GIWorkflowMode: 1
  m_GISettings:
    serializedVersion: 2
    m_BounceScale: 1
    m_IndirectOutputScale: 1
    m_AlbedoBoost: 1
    m_TemporalCoherenceThreshold: 1
    m_EnvironmentLightingMode: 0
    m_EnableBakedLightmaps: 0
    m_EnableRealtimeLightmaps: 0
  m_LightmapEditorSettings:
    serializedVersion: 9
    m_Resolution: 2
    m_BakeResolution: 40
    m_TextureWidth: 1024
    m_TextureHeight: 1024
    m_AO: 0
    m_AOMaxDistance: 1
    m_CompAOExponent: 1
    m_CompAOExponentDirect: 0
    m_Padding: 2
    m_LightmapParameters: {fileID: 0}
    m_LightmapsBakeMode: 1
    m_TextureCompression: 1
    m_FinalGather: 0
    m_FinalGatherFiltering: 1
    m_FinalGatherRayCount: 256
    m_ReflectionCompression: 2
    m_MixedBakeMode: 2
    m_BakeBackend: 0
    m_PVRSampling: 1
    m_PVRDirectSampleCount: 32
    m_PVRSampleCount: 500
    m_PVRBounces: 2
    m_PVRFilterTypeDirect: 0
    m_PVRFilterTypeIndirect: 0
    m_PVRFilterTypeAO: 0
    m_PVRFilteringMode: 1
    m_PVRCulling: 1
    m_PVRFilteringGaussRadiusDirect: 1
    m_PVRFilteringGaussRadiusIndirect: 5
    m_PVRFilteringGaussRadiusAO: 2
    m_PVRFilteringAtrousPositionSigmaDirect: 0.5
    m_PVRFilteringAtrousPositionSigmaIndirect: 2
    m_PVRFilteringAtrousPositionSigmaAO: 1
    m_ShowResolutionOverlay: 1
  m_LightingDataAsset: {fileID: 0}
  m_UseShadowmask: 1
--- !u!196 &4
NavMeshSettings:
  serializedVersion: 2
  m_ObjectHideFlags: 0
  m_BuildSettings:
    serializedVersion: 2
    agentTypeID: 0
    agentRadius: 0.5
    agentHeight: 2
    agentSlope: 45
    agentClimb: 0.4
    ledgeDropHeight: 0
    maxJumpAcrossDistance: 0
    minRegionArea: 2
    manualCellSize: 0
    cellSize: 0.16666667
    manualTileSize: 0
    tileSize: 256
    accuratePlacement: 0
    debug:
      m_Flags: 0
  m_NavMeshData: {fileID: 0}
--- !u!224 &7139930 stripped
RectTransform:
  m_PrefabParentObject: {fileID: 224794697876578274, guid: 5da87c824dd5eea4ab468ba45323428f,
    type: 2}
  m_PrefabInternal: {fileID: 1837728201}
--- !u!114 &7139931 stripped
MonoBehaviour:
  m_PrefabParentObject: {fileID: 114401605119422056, guid: 5da87c824dd5eea4ab468ba45323428f,
    type: 2}
  m_PrefabInternal: {fileID: 1837728201}
  m_Script: {fileID: 11500000, guid: 625b1530ea10adf409f7d1f3984175db, type: 3}
--- !u!1001 &97908884
Prefab:
  m_ObjectHideFlags: 0
  serializedVersion: 2
  m_Modification:
    m_TransformParent: {fileID: 1827421533}
    m_Modifications:
    - target: {fileID: 224363007970115428, guid: 7db74c630e1c28746892637191e44e71,
        type: 2}
      propertyPath: m_LocalPosition.x
      value: 0
      objectReference: {fileID: 0}
    - target: {fileID: 224363007970115428, guid: 7db74c630e1c28746892637191e44e71,
        type: 2}
      propertyPath: m_LocalPosition.y
      value: 0
      objectReference: {fileID: 0}
    - target: {fileID: 224363007970115428, guid: 7db74c630e1c28746892637191e44e71,
        type: 2}
      propertyPath: m_LocalPosition.z
      value: 0
      objectReference: {fileID: 0}
    - target: {fileID: 224363007970115428, guid: 7db74c630e1c28746892637191e44e71,
        type: 2}
      propertyPath: m_LocalRotation.x
      value: -0
      objectReference: {fileID: 0}
    - target: {fileID: 224363007970115428, guid: 7db74c630e1c28746892637191e44e71,
        type: 2}
      propertyPath: m_LocalRotation.y
      value: -0
      objectReference: {fileID: 0}
    - target: {fileID: 224363007970115428, guid: 7db74c630e1c28746892637191e44e71,
        type: 2}
      propertyPath: m_LocalRotation.z
      value: -0
      objectReference: {fileID: 0}
    - target: {fileID: 224363007970115428, guid: 7db74c630e1c28746892637191e44e71,
        type: 2}
      propertyPath: m_LocalRotation.w
      value: 1
      objectReference: {fileID: 0}
    - target: {fileID: 224363007970115428, guid: 7db74c630e1c28746892637191e44e71,
        type: 2}
      propertyPath: m_RootOrder
      value: 2
      objectReference: {fileID: 0}
    - target: {fileID: 224363007970115428, guid: 7db74c630e1c28746892637191e44e71,
        type: 2}
      propertyPath: m_AnchoredPosition.x
      value: 0.742
      objectReference: {fileID: 0}
    - target: {fileID: 224363007970115428, guid: 7db74c630e1c28746892637191e44e71,
        type: 2}
      propertyPath: m_AnchoredPosition.y
      value: -3.6833334
      objectReference: {fileID: 0}
    - target: {fileID: 224363007970115428, guid: 7db74c630e1c28746892637191e44e71,
        type: 2}
      propertyPath: m_SizeDelta.x
      value: 1
      objectReference: {fileID: 0}
    - target: {fileID: 224363007970115428, guid: 7db74c630e1c28746892637191e44e71,
        type: 2}
      propertyPath: m_SizeDelta.y
      value: 1
      objectReference: {fileID: 0}
    - target: {fileID: 224363007970115428, guid: 7db74c630e1c28746892637191e44e71,
        type: 2}
      propertyPath: m_AnchorMin.x
      value: 0
      objectReference: {fileID: 0}
    - target: {fileID: 224363007970115428, guid: 7db74c630e1c28746892637191e44e71,
        type: 2}
      propertyPath: m_AnchorMin.y
      value: 1
      objectReference: {fileID: 0}
    - target: {fileID: 224363007970115428, guid: 7db74c630e1c28746892637191e44e71,
        type: 2}
      propertyPath: m_AnchorMax.x
      value: 0
      objectReference: {fileID: 0}
    - target: {fileID: 224363007970115428, guid: 7db74c630e1c28746892637191e44e71,
        type: 2}
      propertyPath: m_AnchorMax.y
      value: 1
      objectReference: {fileID: 0}
    - target: {fileID: 224363007970115428, guid: 7db74c630e1c28746892637191e44e71,
        type: 2}
      propertyPath: m_Pivot.x
      value: 0.5
      objectReference: {fileID: 0}
    - target: {fileID: 224363007970115428, guid: 7db74c630e1c28746892637191e44e71,
        type: 2}
      propertyPath: m_Pivot.y
      value: 0.5
      objectReference: {fileID: 0}
    - target: {fileID: 1486427491344470, guid: 7db74c630e1c28746892637191e44e71, type: 2}
      propertyPath: m_Name
      value: ep1_GearSlot (2)
      objectReference: {fileID: 0}
    - target: {fileID: 224772588177562770, guid: 7db74c630e1c28746892637191e44e71,
        type: 2}
      propertyPath: m_AnchorMin.y
      value: 1
      objectReference: {fileID: 0}
    - target: {fileID: 224772588177562770, guid: 7db74c630e1c28746892637191e44e71,
        type: 2}
      propertyPath: m_AnchorMax.y
      value: 1
      objectReference: {fileID: 0}
    - target: {fileID: 224772588177562770, guid: 7db74c630e1c28746892637191e44e71,
        type: 2}
      propertyPath: m_AnchoredPosition.x
      value: 0.5
      objectReference: {fileID: 0}
    - target: {fileID: 224772588177562770, guid: 7db74c630e1c28746892637191e44e71,
        type: 2}
      propertyPath: m_AnchoredPosition.y
      value: -0.5
      objectReference: {fileID: 0}
    - target: {fileID: 224772588177562770, guid: 7db74c630e1c28746892637191e44e71,
        type: 2}
      propertyPath: m_SizeDelta.x
      value: 1
      objectReference: {fileID: 0}
    - target: {fileID: 224772588177562770, guid: 7db74c630e1c28746892637191e44e71,
        type: 2}
      propertyPath: m_SizeDelta.y
      value: 1
      objectReference: {fileID: 0}
    m_RemovedComponents: []
  m_ParentPrefab: {fileID: 100100000, guid: 7db74c630e1c28746892637191e44e71, type: 2}
  m_IsPrefabParent: 0
--- !u!224 &204076389 stripped
RectTransform:
  m_PrefabParentObject: {fileID: 224794697876578274, guid: 5da87c824dd5eea4ab468ba45323428f,
    type: 2}
  m_PrefabInternal: {fileID: 566933600}
--- !u!114 &204076390 stripped
MonoBehaviour:
  m_PrefabParentObject: {fileID: 114401605119422056, guid: 5da87c824dd5eea4ab468ba45323428f,
    type: 2}
  m_PrefabInternal: {fileID: 566933600}
  m_Script: {fileID: 11500000, guid: 625b1530ea10adf409f7d1f3984175db, type: 3}
--- !u!1 &212006436
GameObject:
  m_ObjectHideFlags: 0
  m_PrefabParentObject: {fileID: 0}
  m_PrefabInternal: {fileID: 0}
  serializedVersion: 5
  m_Component:
  - component: {fileID: 212006437}
  - component: {fileID: 212006438}
  - component: {fileID: 212006439}
  m_Layer: 0
  m_Name: Gear3
  m_TagString: Untagged
  m_Icon: {fileID: 0}
  m_NavMeshLayer: 0
  m_StaticEditorFlags: 0
  m_IsActive: 1
--- !u!4 &212006437
Transform:
  m_ObjectHideFlags: 0
  m_PrefabParentObject: {fileID: 0}
  m_PrefabInternal: {fileID: 0}
  m_GameObject: {fileID: 212006436}
  m_LocalRotation: {x: -0, y: -0, z: -0, w: 1}
  m_LocalPosition: {x: 1.1299479, y: 3.6645603, z: -0.15625}
  m_LocalScale: {x: 1, y: 1, z: 1}
  m_Children: []
  m_Father: {fileID: 779472332}
  m_RootOrder: 3
  m_LocalEulerAnglesHint: {x: 0, y: 0, z: 0}
--- !u!212 &212006438
SpriteRenderer:
  m_ObjectHideFlags: 0
  m_PrefabParentObject: {fileID: 0}
  m_PrefabInternal: {fileID: 0}
  m_GameObject: {fileID: 212006436}
  m_Enabled: 1
  m_CastShadows: 0
  m_ReceiveShadows: 0
  m_DynamicOccludee: 1
  m_MotionVectors: 1
  m_LightProbeUsage: 1
  m_ReflectionProbeUsage: 1
  m_Materials:
  - {fileID: 10754, guid: 0000000000000000f000000000000000, type: 0}
  m_StaticBatchInfo:
    firstSubMesh: 0
    subMeshCount: 0
  m_StaticBatchRoot: {fileID: 0}
  m_ProbeAnchor: {fileID: 0}
  m_LightProbeVolumeOverride: {fileID: 0}
  m_ScaleInLightmap: 1
  m_PreserveUVs: 0
  m_IgnoreNormalsForChartDetection: 0
  m_ImportantGI: 0
  m_StitchLightmapSeams: 0
  m_SelectedEditorRenderState: 0
  m_MinimumChartSize: 4
  m_AutoUVMaxDistance: 0.5
  m_AutoUVMaxAngle: 89
  m_LightmapParameters: {fileID: 0}
  m_SortingLayerID: -1095283535
  m_SortingLayer: 6
  m_SortingOrder: 0
  m_Sprite: {fileID: 21300012, guid: 1ea25b1bc1685d6479bcd3d33a1e21aa, type: 3}
  m_Color: {r: 1, g: 1, b: 1, a: 1}
  m_FlipX: 0
  m_FlipY: 0
  m_DrawMode: 0
  m_Size: {x: 1.5300001, y: 1.52}
  m_AdaptiveModeThreshold: 0.5
  m_SpriteTileMode: 0
  m_WasSpriteAssigned: 1
  m_MaskInteraction: 0
--- !u!114 &212006439
MonoBehaviour:
  m_ObjectHideFlags: 0
  m_PrefabParentObject: {fileID: 0}
  m_PrefabInternal: {fileID: 0}
  m_GameObject: {fileID: 212006436}
  m_Enabled: 1
  m_EditorHideFlags: 0
  m_Script: {fileID: 11500000, guid: 5e6077bf702eba04bb4cf9bcf39ecc64, type: 3}
  m_Name: 
  m_EditorClassIdentifier: 
  direction: 1
  rotating: 1
  dependentGears:
  - {fileID: 2016311524}
--- !u!1 &213477870
GameObject:
  m_ObjectHideFlags: 0
  m_PrefabParentObject: {fileID: 0}
  m_PrefabInternal: {fileID: 0}
  serializedVersion: 5
  m_Component:
  - component: {fileID: 213477871}
  - component: {fileID: 213477872}
  - component: {fileID: 213477873}
  m_Layer: 0
  m_Name: Gear2
  m_TagString: Untagged
  m_Icon: {fileID: 0}
  m_NavMeshLayer: 0
  m_StaticEditorFlags: 0
  m_IsActive: 1
--- !u!4 &213477871
Transform:
  m_ObjectHideFlags: 0
  m_PrefabParentObject: {fileID: 0}
  m_PrefabInternal: {fileID: 0}
  m_GameObject: {fileID: 213477870}
  m_LocalRotation: {x: -0, y: -0, z: -0, w: 1}
  m_LocalPosition: {x: 2.3079479, y: -1.3344398, z: -0.15625}
  m_LocalScale: {x: 1, y: 1, z: 1}
  m_Children: []
  m_Father: {fileID: 779472332}
  m_RootOrder: 2
  m_LocalEulerAnglesHint: {x: 0, y: 0, z: 0}
--- !u!212 &213477872
SpriteRenderer:
  m_ObjectHideFlags: 0
  m_PrefabParentObject: {fileID: 0}
  m_PrefabInternal: {fileID: 0}
  m_GameObject: {fileID: 213477870}
  m_Enabled: 1
  m_CastShadows: 0
  m_ReceiveShadows: 0
  m_DynamicOccludee: 1
  m_MotionVectors: 1
  m_LightProbeUsage: 1
  m_ReflectionProbeUsage: 1
  m_Materials:
  - {fileID: 10754, guid: 0000000000000000f000000000000000, type: 0}
  m_StaticBatchInfo:
    firstSubMesh: 0
    subMeshCount: 0
  m_StaticBatchRoot: {fileID: 0}
  m_ProbeAnchor: {fileID: 0}
  m_LightProbeVolumeOverride: {fileID: 0}
  m_ScaleInLightmap: 1
  m_PreserveUVs: 0
  m_IgnoreNormalsForChartDetection: 0
  m_ImportantGI: 0
  m_StitchLightmapSeams: 0
  m_SelectedEditorRenderState: 0
  m_MinimumChartSize: 4
  m_AutoUVMaxDistance: 0.5
  m_AutoUVMaxAngle: 89
  m_LightmapParameters: {fileID: 0}
  m_SortingLayerID: -1095283535
  m_SortingLayer: 6
  m_SortingOrder: 0
  m_Sprite: {fileID: 21300014, guid: 1ea25b1bc1685d6479bcd3d33a1e21aa, type: 3}
  m_Color: {r: 1, g: 1, b: 1, a: 1}
  m_FlipX: 0
  m_FlipY: 0
  m_DrawMode: 0
  m_Size: {x: 1.09, y: 1.09}
  m_AdaptiveModeThreshold: 0.5
  m_SpriteTileMode: 0
  m_WasSpriteAssigned: 1
  m_MaskInteraction: 0
--- !u!114 &213477873
MonoBehaviour:
  m_ObjectHideFlags: 0
  m_PrefabParentObject: {fileID: 0}
  m_PrefabInternal: {fileID: 0}
  m_GameObject: {fileID: 213477870}
  m_Enabled: 1
  m_EditorHideFlags: 0
  m_Script: {fileID: 11500000, guid: 5e6077bf702eba04bb4cf9bcf39ecc64, type: 3}
  m_Name: 
  m_EditorClassIdentifier: 
  direction: 1
  rotating: 1
  dependentGears:
  - {fileID: 400512221}
--- !u!1 &228456536
GameObject:
  m_ObjectHideFlags: 0
  m_PrefabParentObject: {fileID: 0}
  m_PrefabInternal: {fileID: 0}
  serializedVersion: 5
  m_Component:
  - component: {fileID: 228456537}
  - component: {fileID: 228456538}
  - component: {fileID: 228456539}
  m_Layer: 0
  m_Name: Gear4
  m_TagString: Untagged
  m_Icon: {fileID: 0}
  m_NavMeshLayer: 0
  m_StaticEditorFlags: 0
  m_IsActive: 1
--- !u!4 &228456537
Transform:
  m_ObjectHideFlags: 0
  m_PrefabParentObject: {fileID: 0}
  m_PrefabInternal: {fileID: 0}
  m_GameObject: {fileID: 228456536}
  m_LocalRotation: {x: -0, y: -0, z: -0, w: 1}
  m_LocalPosition: {x: -1.8600521, y: 3.8445601, z: -0.15625}
  m_LocalScale: {x: 1, y: 1, z: 1}
  m_Children: []
  m_Father: {fileID: 779472332}
  m_RootOrder: 4
  m_LocalEulerAnglesHint: {x: 0, y: 0, z: 0}
--- !u!212 &228456538
SpriteRenderer:
  m_ObjectHideFlags: 0
  m_PrefabParentObject: {fileID: 0}
  m_PrefabInternal: {fileID: 0}
  m_GameObject: {fileID: 228456536}
  m_Enabled: 1
  m_CastShadows: 0
  m_ReceiveShadows: 0
  m_DynamicOccludee: 1
  m_MotionVectors: 1
  m_LightProbeUsage: 1
  m_ReflectionProbeUsage: 1
  m_Materials:
  - {fileID: 10754, guid: 0000000000000000f000000000000000, type: 0}
  m_StaticBatchInfo:
    firstSubMesh: 0
    subMeshCount: 0
  m_StaticBatchRoot: {fileID: 0}
  m_ProbeAnchor: {fileID: 0}
  m_LightProbeVolumeOverride: {fileID: 0}
  m_ScaleInLightmap: 1
  m_PreserveUVs: 0
  m_IgnoreNormalsForChartDetection: 0
  m_ImportantGI: 0
  m_StitchLightmapSeams: 0
  m_SelectedEditorRenderState: 0
  m_MinimumChartSize: 4
  m_AutoUVMaxDistance: 0.5
  m_AutoUVMaxAngle: 89
  m_LightmapParameters: {fileID: 0}
  m_SortingLayerID: -1095283535
  m_SortingLayer: 6
  m_SortingOrder: 0
  m_Sprite: {fileID: 21300010, guid: 1ea25b1bc1685d6479bcd3d33a1e21aa, type: 3}
  m_Color: {r: 1, g: 1, b: 1, a: 1}
  m_FlipX: 0
  m_FlipY: 0
  m_DrawMode: 0
  m_Size: {x: 2.29, y: 2.29}
  m_AdaptiveModeThreshold: 0.5
  m_SpriteTileMode: 0
  m_WasSpriteAssigned: 1
  m_MaskInteraction: 0
--- !u!114 &228456539
MonoBehaviour:
  m_ObjectHideFlags: 0
  m_PrefabParentObject: {fileID: 0}
  m_PrefabInternal: {fileID: 0}
  m_GameObject: {fileID: 228456536}
  m_Enabled: 1
  m_EditorHideFlags: 0
  m_Script: {fileID: 11500000, guid: b850ba752c422ba4aa7f9d2cdddc7b7e, type: 3}
  m_Name: 
  m_EditorClassIdentifier: 
  direction: 0
  rotating: 1
  dependentGears:
  - {fileID: 1889005816}
  - {fileID: 1450134172}
  invalidGear: {fileID: 2016311524}
  chain: {fileID: 1598097552}
--- !u!224 &268141634 stripped
RectTransform:
  m_PrefabParentObject: {fileID: 224363007970115428, guid: 7db74c630e1c28746892637191e44e71,
    type: 2}
  m_PrefabInternal: {fileID: 847323375}
--- !u!224 &299570967 stripped
RectTransform:
  m_PrefabParentObject: {fileID: 224794697876578274, guid: 5da87c824dd5eea4ab468ba45323428f,
    type: 2}
  m_PrefabInternal: {fileID: 1677609729}
--- !u!114 &299570968 stripped
MonoBehaviour:
  m_PrefabParentObject: {fileID: 114401605119422056, guid: 5da87c824dd5eea4ab468ba45323428f,
    type: 2}
  m_PrefabInternal: {fileID: 1677609729}
  m_Script: {fileID: 11500000, guid: 625b1530ea10adf409f7d1f3984175db, type: 3}
--- !u!1 &358702851
GameObject:
  m_ObjectHideFlags: 0
  m_PrefabParentObject: {fileID: 0}
  m_PrefabInternal: {fileID: 0}
  serializedVersion: 5
  m_Component:
  - component: {fileID: 358702855}
  - component: {fileID: 358702854}
  - component: {fileID: 358702853}
  - component: {fileID: 358702852}
  m_Layer: 5
  m_Name: Canvas
  m_TagString: Untagged
  m_Icon: {fileID: 0}
  m_NavMeshLayer: 0
  m_StaticEditorFlags: 0
  m_IsActive: 1
--- !u!114 &358702852
MonoBehaviour:
  m_ObjectHideFlags: 0
  m_PrefabParentObject: {fileID: 0}
  m_PrefabInternal: {fileID: 0}
  m_GameObject: {fileID: 358702851}
  m_Enabled: 1
  m_EditorHideFlags: 0
  m_Script: {fileID: 1301386320, guid: f70555f144d8491a825f0804e09c671c, type: 3}
  m_Name: 
  m_EditorClassIdentifier: 
  m_IgnoreReversedGraphics: 1
  m_BlockingObjects: 0
  m_BlockingMask:
    serializedVersion: 2
    m_Bits: 4294967295
--- !u!114 &358702853
MonoBehaviour:
  m_ObjectHideFlags: 0
  m_PrefabParentObject: {fileID: 0}
  m_PrefabInternal: {fileID: 0}
  m_GameObject: {fileID: 358702851}
  m_Enabled: 1
  m_EditorHideFlags: 0
  m_Script: {fileID: 1980459831, guid: f70555f144d8491a825f0804e09c671c, type: 3}
  m_Name: 
  m_EditorClassIdentifier: 
  m_UiScaleMode: 0
  m_ReferencePixelsPerUnit: 100
  m_ScaleFactor: 1
  m_ReferenceResolution: {x: 800, y: 600}
  m_ScreenMatchMode: 0
  m_MatchWidthOrHeight: 0
  m_PhysicalUnit: 3
  m_FallbackScreenDPI: 96
  m_DefaultSpriteDPI: 96
  m_DynamicPixelsPerUnit: 1
--- !u!223 &358702854
Canvas:
  m_ObjectHideFlags: 0
  m_PrefabParentObject: {fileID: 0}
  m_PrefabInternal: {fileID: 0}
  m_GameObject: {fileID: 358702851}
  m_Enabled: 1
  serializedVersion: 3
  m_RenderMode: 2
  m_Camera: {fileID: 0}
  m_PlaneDistance: 100
  m_PixelPerfect: 0
  m_ReceivesEvents: 1
  m_OverrideSorting: 0
  m_OverridePixelPerfect: 0
  m_SortingBucketNormalizedSize: 0
  m_AdditionalShaderChannelsFlag: 0
  m_SortingLayerID: -1095283535
  m_SortingOrder: 1
  m_TargetDisplay: 0
--- !u!224 &358702855
RectTransform:
  m_ObjectHideFlags: 0
  m_PrefabParentObject: {fileID: 0}
  m_PrefabInternal: {fileID: 0}
  m_GameObject: {fileID: 358702851}
  m_LocalRotation: {x: 0, y: 0, z: 0, w: 1}
  m_LocalPosition: {x: 0, y: 0, z: 0}
  m_LocalScale: {x: 1, y: 1, z: 1}
  m_Children:
  - {fileID: 1827421533}
  - {fileID: 1483004406}
  m_Father: {fileID: 0}
  m_RootOrder: 3
  m_LocalEulerAnglesHint: {x: 0, y: 0, z: 0}
  m_AnchorMin: {x: 0, y: 0}
  m_AnchorMax: {x: 0, y: 0}
  m_AnchoredPosition: {x: 0, y: 0}
  m_SizeDelta: {x: 11.481, y: 8.609}
  m_Pivot: {x: 0.5, y: 0.5}
--- !u!1 &386231299
GameObject:
  m_ObjectHideFlags: 0
  m_PrefabParentObject: {fileID: 0}
  m_PrefabInternal: {fileID: 0}
  serializedVersion: 5
  m_Component:
  - component: {fileID: 386231300}
  - component: {fileID: 386231301}
  - component: {fileID: 386231302}
  m_Layer: 0
  m_Name: Gear1
  m_TagString: Untagged
  m_Icon: {fileID: 0}
  m_NavMeshLayer: 0
  m_StaticEditorFlags: 0
  m_IsActive: 1
--- !u!4 &386231300
Transform:
  m_ObjectHideFlags: 0
  m_PrefabParentObject: {fileID: 0}
  m_PrefabInternal: {fileID: 0}
  m_GameObject: {fileID: 386231299}
  m_LocalRotation: {x: -0, y: -0, z: -0, w: 1}
  m_LocalPosition: {x: 4.0969477, y: -1.7624397, z: -0.15625}
  m_LocalScale: {x: 1, y: 1, z: 1}
  m_Children: []
  m_Father: {fileID: 779472332}
  m_RootOrder: 0
  m_LocalEulerAnglesHint: {x: 0, y: 0, z: 0}
--- !u!212 &386231301
SpriteRenderer:
  m_ObjectHideFlags: 0
  m_PrefabParentObject: {fileID: 0}
  m_PrefabInternal: {fileID: 0}
  m_GameObject: {fileID: 386231299}
  m_Enabled: 1
  m_CastShadows: 0
  m_ReceiveShadows: 0
  m_DynamicOccludee: 1
  m_MotionVectors: 1
  m_LightProbeUsage: 1
  m_ReflectionProbeUsage: 1
  m_Materials:
  - {fileID: 10754, guid: 0000000000000000f000000000000000, type: 0}
  m_StaticBatchInfo:
    firstSubMesh: 0
    subMeshCount: 0
  m_StaticBatchRoot: {fileID: 0}
  m_ProbeAnchor: {fileID: 0}
  m_LightProbeVolumeOverride: {fileID: 0}
  m_ScaleInLightmap: 1
  m_PreserveUVs: 0
  m_IgnoreNormalsForChartDetection: 0
  m_ImportantGI: 0
  m_StitchLightmapSeams: 0
  m_SelectedEditorRenderState: 0
  m_MinimumChartSize: 4
  m_AutoUVMaxDistance: 0.5
  m_AutoUVMaxAngle: 89
  m_LightmapParameters: {fileID: 0}
  m_SortingLayerID: -1095283535
  m_SortingLayer: 6
  m_SortingOrder: 0
  m_Sprite: {fileID: 21300008, guid: 1ea25b1bc1685d6479bcd3d33a1e21aa, type: 3}
  m_Color: {r: 1, g: 1, b: 1, a: 1}
  m_FlipX: 0
  m_FlipY: 0
  m_DrawMode: 0
  m_Size: {x: 2.8300002, y: 2.8600001}
  m_AdaptiveModeThreshold: 0.5
  m_SpriteTileMode: 0
  m_WasSpriteAssigned: 1
  m_MaskInteraction: 0
--- !u!114 &386231302
MonoBehaviour:
  m_ObjectHideFlags: 0
  m_PrefabParentObject: {fileID: 0}
  m_PrefabInternal: {fileID: 0}
  m_GameObject: {fileID: 386231299}
  m_Enabled: 1
  m_EditorHideFlags: 0
  m_Script: {fileID: 11500000, guid: 5e6077bf702eba04bb4cf9bcf39ecc64, type: 3}
  m_Name: 
  m_EditorClassIdentifier: 
  direction: 0
  rotating: 1
  dependentGears:
  - {fileID: 213477873}
  - {fileID: 2017838310}
--- !u!224 &396918556 stripped
RectTransform:
  m_PrefabParentObject: {fileID: 224363007970115428, guid: 7db74c630e1c28746892637191e44e71,
    type: 2}
  m_PrefabInternal: {fileID: 2045619268}
--- !u!114 &400512221 stripped
MonoBehaviour:
  m_PrefabParentObject: {fileID: 114134711800284010, guid: 5da87c824dd5eea4ab468ba45323428f,
    type: 2}
  m_PrefabInternal: {fileID: 733299070}
  m_Script: {fileID: 11500000, guid: 5e6077bf702eba04bb4cf9bcf39ecc64, type: 3}
--- !u!1 &506104675
GameObject:
  m_ObjectHideFlags: 0
  m_PrefabParentObject: {fileID: 0}
  m_PrefabInternal: {fileID: 0}
  serializedVersion: 5
  m_Component:
  - component: {fileID: 506104676}
  - component: {fileID: 506104677}
  - component: {fileID: 506104678}
  m_Layer: 0
  m_Name: SubGear1
  m_TagString: Untagged
  m_Icon: {fileID: 0}
  m_NavMeshLayer: 0
  m_StaticEditorFlags: 0
  m_IsActive: 1
--- !u!4 &506104676
Transform:
  m_ObjectHideFlags: 0
  m_PrefabParentObject: {fileID: 0}
  m_PrefabInternal: {fileID: 0}
  m_GameObject: {fileID: 506104675}
  m_LocalRotation: {x: 0, y: 0, z: 0, w: 1}
  m_LocalPosition: {x: -0.028, y: 0.019, z: 0}
  m_LocalScale: {x: 1.0000002, y: 1.0000002, z: 1}
  m_Children: []
  m_Father: {fileID: 1213852694}
  m_RootOrder: 0
  m_LocalEulerAnglesHint: {x: 0, y: 0, z: 0}
--- !u!212 &506104677
SpriteRenderer:
  m_ObjectHideFlags: 0
  m_PrefabParentObject: {fileID: 0}
  m_PrefabInternal: {fileID: 0}
  m_GameObject: {fileID: 506104675}
  m_Enabled: 1
  m_CastShadows: 0
  m_ReceiveShadows: 0
  m_DynamicOccludee: 1
  m_MotionVectors: 1
  m_LightProbeUsage: 1
  m_ReflectionProbeUsage: 1
  m_Materials:
  - {fileID: 10754, guid: 0000000000000000f000000000000000, type: 0}
  m_StaticBatchInfo:
    firstSubMesh: 0
    subMeshCount: 0
  m_StaticBatchRoot: {fileID: 0}
  m_ProbeAnchor: {fileID: 0}
  m_LightProbeVolumeOverride: {fileID: 0}
  m_ScaleInLightmap: 1
  m_PreserveUVs: 0
  m_IgnoreNormalsForChartDetection: 0
  m_ImportantGI: 0
  m_StitchLightmapSeams: 0
  m_SelectedEditorRenderState: 0
  m_MinimumChartSize: 4
  m_AutoUVMaxDistance: 0.5
  m_AutoUVMaxAngle: 89
  m_LightmapParameters: {fileID: 0}
  m_SortingLayerID: -1095283535
  m_SortingLayer: 6
  m_SortingOrder: 1
  m_Sprite: {fileID: 21300016, guid: 1ea25b1bc1685d6479bcd3d33a1e21aa, type: 3}
  m_Color: {r: 1, g: 1, b: 1, a: 1}
  m_FlipX: 0
  m_FlipY: 0
  m_DrawMode: 0
  m_Size: {x: 1.1, y: 1.08}
  m_AdaptiveModeThreshold: 0.5
  m_SpriteTileMode: 0
  m_WasSpriteAssigned: 1
  m_MaskInteraction: 0
--- !u!114 &506104678
MonoBehaviour:
  m_ObjectHideFlags: 0
  m_PrefabParentObject: {fileID: 0}
  m_PrefabInternal: {fileID: 0}
  m_GameObject: {fileID: 506104675}
  m_Enabled: 1
  m_EditorHideFlags: 0
  m_Script: {fileID: 11500000, guid: 5e6077bf702eba04bb4cf9bcf39ecc64, type: 3}
  m_Name: 
  m_EditorClassIdentifier: 
  direction: 1
  rotating: 0
  dependentGears:
  - {fileID: 1108587034}
  - {fileID: 548323685}
--- !u!1 &548323682
GameObject:
  m_ObjectHideFlags: 0
  m_PrefabParentObject: {fileID: 0}
  m_PrefabInternal: {fileID: 0}
  serializedVersion: 5
  m_Component:
  - component: {fileID: 548323683}
  - component: {fileID: 548323684}
  - component: {fileID: 548323685}
  m_Layer: 0
  m_Name: SubGear4
  m_TagString: Untagged
  m_Icon: {fileID: 0}
  m_NavMeshLayer: 0
  m_StaticEditorFlags: 0
  m_IsActive: 1
--- !u!4 &548323683
Transform:
  m_ObjectHideFlags: 0
  m_PrefabParentObject: {fileID: 0}
  m_PrefabInternal: {fileID: 0}
  m_GameObject: {fileID: 548323682}
  m_LocalRotation: {x: 0, y: 0, z: 0, w: 1}
  m_LocalPosition: {x: -0.167, y: 1.021, z: 0}
  m_LocalScale: {x: 1.0000002, y: 1.0000002, z: 1}
  m_Children: []
  m_Father: {fileID: 1213852694}
  m_RootOrder: 3
  m_LocalEulerAnglesHint: {x: 0, y: 0, z: 0}
--- !u!212 &548323684
SpriteRenderer:
  m_ObjectHideFlags: 0
  m_PrefabParentObject: {fileID: 0}
  m_PrefabInternal: {fileID: 0}
  m_GameObject: {fileID: 548323682}
  m_Enabled: 1
  m_CastShadows: 0
  m_ReceiveShadows: 0
  m_DynamicOccludee: 1
  m_MotionVectors: 1
  m_LightProbeUsage: 1
  m_ReflectionProbeUsage: 1
  m_Materials:
  - {fileID: 10754, guid: 0000000000000000f000000000000000, type: 0}
  m_StaticBatchInfo:
    firstSubMesh: 0
    subMeshCount: 0
  m_StaticBatchRoot: {fileID: 0}
  m_ProbeAnchor: {fileID: 0}
  m_LightProbeVolumeOverride: {fileID: 0}
  m_ScaleInLightmap: 1
  m_PreserveUVs: 0
  m_IgnoreNormalsForChartDetection: 0
  m_ImportantGI: 0
  m_StitchLightmapSeams: 0
  m_SelectedEditorRenderState: 0
  m_MinimumChartSize: 4
  m_AutoUVMaxDistance: 0.5
  m_AutoUVMaxAngle: 89
  m_LightmapParameters: {fileID: 0}
  m_SortingLayerID: -1095283535
  m_SortingLayer: 6
  m_SortingOrder: 1
  m_Sprite: {fileID: 21300016, guid: 1ea25b1bc1685d6479bcd3d33a1e21aa, type: 3}
  m_Color: {r: 1, g: 1, b: 1, a: 1}
  m_FlipX: 0
  m_FlipY: 0
  m_DrawMode: 0
  m_Size: {x: 1.1, y: 1.08}
  m_AdaptiveModeThreshold: 0.5
  m_SpriteTileMode: 0
  m_WasSpriteAssigned: 1
  m_MaskInteraction: 0
--- !u!114 &548323685
MonoBehaviour:
  m_ObjectHideFlags: 0
  m_PrefabParentObject: {fileID: 0}
  m_PrefabInternal: {fileID: 0}
  m_GameObject: {fileID: 548323682}
  m_Enabled: 1
  m_EditorHideFlags: 0
  m_Script: {fileID: 11500000, guid: 5e6077bf702eba04bb4cf9bcf39ecc64, type: 3}
  m_Name: 
  m_EditorClassIdentifier: 
  direction: 0
  rotating: 0
  dependentGears:
  - {fileID: 212006439}
--- !u!1001 &566933600
Prefab:
  m_ObjectHideFlags: 0
  serializedVersion: 2
  m_Modification:
    m_TransformParent: {fileID: 1483004406}
    m_Modifications:
    - target: {fileID: 114134711800284010, guid: 5da87c824dd5eea4ab468ba45323428f,
        type: 2}
      propertyPath: dependentGears.Array.size
      value: 1
      objectReference: {fileID: 0}
    - target: {fileID: 224794697876578274, guid: 5da87c824dd5eea4ab468ba45323428f,
        type: 2}
      propertyPath: m_LocalPosition.x
      value: 0
      objectReference: {fileID: 0}
    - target: {fileID: 224794697876578274, guid: 5da87c824dd5eea4ab468ba45323428f,
        type: 2}
      propertyPath: m_LocalPosition.y
      value: 0
      objectReference: {fileID: 0}
    - target: {fileID: 224794697876578274, guid: 5da87c824dd5eea4ab468ba45323428f,
        type: 2}
      propertyPath: m_LocalPosition.z
      value: 0
      objectReference: {fileID: 0}
    - target: {fileID: 224794697876578274, guid: 5da87c824dd5eea4ab468ba45323428f,
        type: 2}
      propertyPath: m_LocalRotation.x
      value: -0
      objectReference: {fileID: 0}
    - target: {fileID: 224794697876578274, guid: 5da87c824dd5eea4ab468ba45323428f,
        type: 2}
      propertyPath: m_LocalRotation.y
      value: -0
      objectReference: {fileID: 0}
    - target: {fileID: 224794697876578274, guid: 5da87c824dd5eea4ab468ba45323428f,
        type: 2}
      propertyPath: m_LocalRotation.z
      value: -0
      objectReference: {fileID: 0}
    - target: {fileID: 224794697876578274, guid: 5da87c824dd5eea4ab468ba45323428f,
        type: 2}
      propertyPath: m_LocalRotation.w
      value: 1
      objectReference: {fileID: 0}
    - target: {fileID: 224794697876578274, guid: 5da87c824dd5eea4ab468ba45323428f,
        type: 2}
      propertyPath: m_RootOrder
      value: 1
      objectReference: {fileID: 0}
    - target: {fileID: 224794697876578274, guid: 5da87c824dd5eea4ab468ba45323428f,
        type: 2}
      propertyPath: m_AnchoredPosition.x
      value: 9.014
      objectReference: {fileID: 0}
    - target: {fileID: 224794697876578274, guid: 5da87c824dd5eea4ab468ba45323428f,
        type: 2}
      propertyPath: m_AnchoredPosition.y
      value: -5.325
      objectReference: {fileID: 0}
    - target: {fileID: 224794697876578274, guid: 5da87c824dd5eea4ab468ba45323428f,
        type: 2}
      propertyPath: m_SizeDelta.x
      value: 1
      objectReference: {fileID: 0}
    - target: {fileID: 224794697876578274, guid: 5da87c824dd5eea4ab468ba45323428f,
        type: 2}
      propertyPath: m_SizeDelta.y
      value: 1
      objectReference: {fileID: 0}
    - target: {fileID: 224794697876578274, guid: 5da87c824dd5eea4ab468ba45323428f,
        type: 2}
      propertyPath: m_AnchorMin.x
      value: 0
      objectReference: {fileID: 0}
    - target: {fileID: 224794697876578274, guid: 5da87c824dd5eea4ab468ba45323428f,
        type: 2}
      propertyPath: m_AnchorMin.y
      value: 1
      objectReference: {fileID: 0}
    - target: {fileID: 224794697876578274, guid: 5da87c824dd5eea4ab468ba45323428f,
        type: 2}
      propertyPath: m_AnchorMax.x
      value: 0
      objectReference: {fileID: 0}
    - target: {fileID: 224794697876578274, guid: 5da87c824dd5eea4ab468ba45323428f,
        type: 2}
      propertyPath: m_AnchorMax.y
      value: 1
      objectReference: {fileID: 0}
    - target: {fileID: 224794697876578274, guid: 5da87c824dd5eea4ab468ba45323428f,
        type: 2}
      propertyPath: m_Pivot.x
      value: 0.5
      objectReference: {fileID: 0}
    - target: {fileID: 224794697876578274, guid: 5da87c824dd5eea4ab468ba45323428f,
        type: 2}
      propertyPath: m_Pivot.y
      value: 0.5
      objectReference: {fileID: 0}
    - target: {fileID: 1359768120964042, guid: 5da87c824dd5eea4ab468ba45323428f, type: 2}
      propertyPath: m_Name
      value: ep1_MechanismSlot2
      objectReference: {fileID: 0}
    - target: {fileID: 114401605119422056, guid: 5da87c824dd5eea4ab468ba45323428f,
        type: 2}
      propertyPath: slotNumber
      value: 2
      objectReference: {fileID: 0}
    - target: {fileID: 114134711800284010, guid: 5da87c824dd5eea4ab468ba45323428f,
        type: 2}
      propertyPath: dependentGears.Array.data[0]
      value: 
      objectReference: {fileID: 1503362986}
    - target: {fileID: 114134711800284010, guid: 5da87c824dd5eea4ab468ba45323428f,
        type: 2}
      propertyPath: rotating
      value: 0
      objectReference: {fileID: 0}
    - target: {fileID: 114134711800284010, guid: 5da87c824dd5eea4ab468ba45323428f,
        type: 2}
      propertyPath: direction
      value: 1
      objectReference: {fileID: 0}
    m_RemovedComponents: []
  m_ParentPrefab: {fileID: 100100000, guid: 5da87c824dd5eea4ab468ba45323428f, type: 2}
  m_IsPrefabParent: 0
--- !u!1001 &733299070
Prefab:
  m_ObjectHideFlags: 0
  serializedVersion: 2
  m_Modification:
    m_TransformParent: {fileID: 1483004406}
    m_Modifications:
    - target: {fileID: 114134711800284010, guid: 5da87c824dd5eea4ab468ba45323428f,
        type: 2}
      propertyPath: dependentGears.Array.size
      value: 1
      objectReference: {fileID: 0}
    - target: {fileID: 224794697876578274, guid: 5da87c824dd5eea4ab468ba45323428f,
        type: 2}
      propertyPath: m_LocalPosition.x
      value: 0
      objectReference: {fileID: 0}
    - target: {fileID: 224794697876578274, guid: 5da87c824dd5eea4ab468ba45323428f,
        type: 2}
      propertyPath: m_LocalPosition.y
      value: 0
      objectReference: {fileID: 0}
    - target: {fileID: 224794697876578274, guid: 5da87c824dd5eea4ab468ba45323428f,
        type: 2}
      propertyPath: m_LocalPosition.z
      value: 0
      objectReference: {fileID: 0}
    - target: {fileID: 224794697876578274, guid: 5da87c824dd5eea4ab468ba45323428f,
        type: 2}
      propertyPath: m_LocalRotation.x
      value: -0
      objectReference: {fileID: 0}
    - target: {fileID: 224794697876578274, guid: 5da87c824dd5eea4ab468ba45323428f,
        type: 2}
      propertyPath: m_LocalRotation.y
      value: -0
      objectReference: {fileID: 0}
    - target: {fileID: 224794697876578274, guid: 5da87c824dd5eea4ab468ba45323428f,
        type: 2}
      propertyPath: m_LocalRotation.z
      value: -0
      objectReference: {fileID: 0}
    - target: {fileID: 224794697876578274, guid: 5da87c824dd5eea4ab468ba45323428f,
        type: 2}
      propertyPath: m_LocalRotation.w
      value: 1
      objectReference: {fileID: 0}
    - target: {fileID: 224794697876578274, guid: 5da87c824dd5eea4ab468ba45323428f,
        type: 2}
      propertyPath: m_RootOrder
      value: 0
      objectReference: {fileID: 0}
    - target: {fileID: 224794697876578274, guid: 5da87c824dd5eea4ab468ba45323428f,
        type: 2}
      propertyPath: m_AnchoredPosition.x
      value: 7.64
      objectReference: {fileID: 0}
    - target: {fileID: 224794697876578274, guid: 5da87c824dd5eea4ab468ba45323428f,
        type: 2}
      propertyPath: m_AnchoredPosition.y
      value: -5.65
      objectReference: {fileID: 0}
    - target: {fileID: 224794697876578274, guid: 5da87c824dd5eea4ab468ba45323428f,
        type: 2}
      propertyPath: m_SizeDelta.x
      value: 1
      objectReference: {fileID: 0}
    - target: {fileID: 224794697876578274, guid: 5da87c824dd5eea4ab468ba45323428f,
        type: 2}
      propertyPath: m_SizeDelta.y
      value: 1
      objectReference: {fileID: 0}
    - target: {fileID: 224794697876578274, guid: 5da87c824dd5eea4ab468ba45323428f,
        type: 2}
      propertyPath: m_AnchorMin.x
      value: 0
      objectReference: {fileID: 0}
    - target: {fileID: 224794697876578274, guid: 5da87c824dd5eea4ab468ba45323428f,
        type: 2}
      propertyPath: m_AnchorMin.y
      value: 1
      objectReference: {fileID: 0}
    - target: {fileID: 224794697876578274, guid: 5da87c824dd5eea4ab468ba45323428f,
        type: 2}
      propertyPath: m_AnchorMax.x
      value: 0
      objectReference: {fileID: 0}
    - target: {fileID: 224794697876578274, guid: 5da87c824dd5eea4ab468ba45323428f,
        type: 2}
      propertyPath: m_AnchorMax.y
      value: 1
      objectReference: {fileID: 0}
    - target: {fileID: 224794697876578274, guid: 5da87c824dd5eea4ab468ba45323428f,
        type: 2}
      propertyPath: m_Pivot.x
      value: 0.5
      objectReference: {fileID: 0}
    - target: {fileID: 224794697876578274, guid: 5da87c824dd5eea4ab468ba45323428f,
        type: 2}
      propertyPath: m_Pivot.y
      value: 0.5
      objectReference: {fileID: 0}
    - target: {fileID: 1359768120964042, guid: 5da87c824dd5eea4ab468ba45323428f, type: 2}
      propertyPath: m_Name
      value: ep1_MechanismSlot1
      objectReference: {fileID: 0}
    - target: {fileID: 114134711800284010, guid: 5da87c824dd5eea4ab468ba45323428f,
        type: 2}
      propertyPath: dependentGears.Array.data[0]
      value: 
      objectReference: {fileID: 1213852697}
    m_RemovedComponents: []
  m_ParentPrefab: {fileID: 100100000, guid: 5da87c824dd5eea4ab468ba45323428f, type: 2}
  m_IsPrefabParent: 0
--- !u!1 &735902745
GameObject:
  m_ObjectHideFlags: 0
  m_PrefabParentObject: {fileID: 0}
  m_PrefabInternal: {fileID: 0}
  serializedVersion: 5
  m_Component:
  - component: {fileID: 735902749}
  - component: {fileID: 735902748}
  - component: {fileID: 735902747}
  - component: {fileID: 735902746}
  m_Layer: 0
  m_Name: Main Camera
  m_TagString: MainCamera
  m_Icon: {fileID: 0}
  m_NavMeshLayer: 0
  m_StaticEditorFlags: 0
  m_IsActive: 1
--- !u!81 &735902746
AudioListener:
  m_ObjectHideFlags: 0
  m_PrefabParentObject: {fileID: 0}
  m_PrefabInternal: {fileID: 0}
  m_GameObject: {fileID: 735902745}
  m_Enabled: 1
--- !u!124 &735902747
Behaviour:
  m_ObjectHideFlags: 0
  m_PrefabParentObject: {fileID: 0}
  m_PrefabInternal: {fileID: 0}
  m_GameObject: {fileID: 735902745}
  m_Enabled: 1
--- !u!20 &735902748
Camera:
  m_ObjectHideFlags: 0
  m_PrefabParentObject: {fileID: 0}
  m_PrefabInternal: {fileID: 0}
  m_GameObject: {fileID: 735902745}
  m_Enabled: 1
  serializedVersion: 2
  m_ClearFlags: 1
  m_BackGroundColor: {r: 0, g: 0, b: 0, a: 0}
  m_NormalizedViewPortRect:
    serializedVersion: 2
    x: 0
    y: 0
    width: 1
    height: 1
  near clip plane: 0.3
  far clip plane: 1000
  field of view: 60
  orthographic: 1
  orthographic size: 4.25435
  m_Depth: -1
  m_CullingMask:
    serializedVersion: 2
    m_Bits: 4294967295
  m_RenderingPath: -1
  m_TargetTexture: {fileID: 0}
  m_TargetDisplay: 0
  m_TargetEye: 3
  m_HDR: 1
  m_AllowMSAA: 1
  m_AllowDynamicResolution: 0
  m_ForceIntoRT: 0
  m_OcclusionCulling: 1
  m_StereoConvergence: 10
  m_StereoSeparation: 0.022
--- !u!4 &735902749
Transform:
  m_ObjectHideFlags: 0
  m_PrefabParentObject: {fileID: 0}
  m_PrefabInternal: {fileID: 0}
  m_GameObject: {fileID: 735902745}
  m_LocalRotation: {x: 0, y: 0, z: 0, w: 1}
  m_LocalPosition: {x: 0, y: 0, z: -10}
  m_LocalScale: {x: 1, y: 1, z: 1}
  m_Children: []
  m_Father: {fileID: 0}
  m_RootOrder: 0
  m_LocalEulerAnglesHint: {x: 0, y: 0, z: 0}
--- !u!1 &779472331
GameObject:
  m_ObjectHideFlags: 0
  m_PrefabParentObject: {fileID: 0}
  m_PrefabInternal: {fileID: 0}
  serializedVersion: 5
  m_Component:
  - component: {fileID: 779472332}
  - component: {fileID: 779472333}
  m_Layer: 0
  m_Name: Mechanism
  m_TagString: Untagged
  m_Icon: {fileID: 0}
  m_NavMeshLayer: 0
  m_StaticEditorFlags: 0
  m_IsActive: 1
--- !u!4 &779472332
Transform:
  m_ObjectHideFlags: 0
  m_PrefabParentObject: {fileID: 0}
  m_PrefabInternal: {fileID: 0}
  m_GameObject: {fileID: 779472331}
  m_LocalRotation: {x: 0, y: 0, z: 0, w: 1}
  m_LocalPosition: {x: 0.09005207, y: -0.98456025, z: 0.15625}
  m_LocalScale: {x: 1, y: 1, z: 1}
  m_Children:
  - {fileID: 386231300}
  - {fileID: 1213852694}
  - {fileID: 213477871}
  - {fileID: 212006437}
  - {fileID: 228456537}
  - {fileID: 1450134170}
  - {fileID: 1598097551}
  m_Father: {fileID: 0}
  m_RootOrder: 4
  m_LocalEulerAnglesHint: {x: 0, y: 0, z: 0}
--- !u!114 &779472333
MonoBehaviour:
  m_ObjectHideFlags: 0
  m_PrefabParentObject: {fileID: 0}
  m_PrefabInternal: {fileID: 0}
  m_GameObject: {fileID: 779472331}
  m_Enabled: 1
  m_EditorHideFlags: 0
  m_Script: {fileID: 11500000, guid: a513bcf68f1934a4e999c3d1b87bdaa0, type: 3}
  m_Name: 
  m_EditorClassIdentifier: 
  spinSpeed: 50
  slots:
  - {fileID: 1608167265}
  - {fileID: 204076390}
  - {fileID: 7139931}
  - {fileID: 2018790328}
  - {fileID: 299570968}
  gear1: {fileID: 386231302}
  chain: {fileID: 1598097552}
  data: {fileID: 11400000, guid: 7efde5fa2a555d74ab49322d31884802, type: 2}
--- !u!1001 &847323375
Prefab:
  m_ObjectHideFlags: 0
  serializedVersion: 2
  m_Modification:
    m_TransformParent: {fileID: 1827421533}
    m_Modifications:
    - target: {fileID: 224363007970115428, guid: 7db74c630e1c28746892637191e44e71,
        type: 2}
      propertyPath: m_LocalPosition.x
      value: 0
      objectReference: {fileID: 0}
    - target: {fileID: 224363007970115428, guid: 7db74c630e1c28746892637191e44e71,
        type: 2}
      propertyPath: m_LocalPosition.y
      value: 0
      objectReference: {fileID: 0}
    - target: {fileID: 224363007970115428, guid: 7db74c630e1c28746892637191e44e71,
        type: 2}
      propertyPath: m_LocalPosition.z
      value: 0
      objectReference: {fileID: 0}
    - target: {fileID: 224363007970115428, guid: 7db74c630e1c28746892637191e44e71,
        type: 2}
      propertyPath: m_LocalRotation.x
      value: -0
      objectReference: {fileID: 0}
    - target: {fileID: 224363007970115428, guid: 7db74c630e1c28746892637191e44e71,
        type: 2}
      propertyPath: m_LocalRotation.y
      value: -0
      objectReference: {fileID: 0}
    - target: {fileID: 224363007970115428, guid: 7db74c630e1c28746892637191e44e71,
        type: 2}
      propertyPath: m_LocalRotation.z
      value: -0
      objectReference: {fileID: 0}
    - target: {fileID: 224363007970115428, guid: 7db74c630e1c28746892637191e44e71,
        type: 2}
      propertyPath: m_LocalRotation.w
      value: 1
      objectReference: {fileID: 0}
    - target: {fileID: 224363007970115428, guid: 7db74c630e1c28746892637191e44e71,
        type: 2}
      propertyPath: m_RootOrder
      value: 1
      objectReference: {fileID: 0}
    - target: {fileID: 224363007970115428, guid: 7db74c630e1c28746892637191e44e71,
        type: 2}
      propertyPath: m_AnchoredPosition.x
      value: 0.742
      objectReference: {fileID: 0}
    - target: {fileID: 224363007970115428, guid: 7db74c630e1c28746892637191e44e71,
        type: 2}
      propertyPath: m_AnchoredPosition.y
      value: -2.21
      objectReference: {fileID: 0}
    - target: {fileID: 224363007970115428, guid: 7db74c630e1c28746892637191e44e71,
        type: 2}
      propertyPath: m_SizeDelta.x
      value: 1
      objectReference: {fileID: 0}
    - target: {fileID: 224363007970115428, guid: 7db74c630e1c28746892637191e44e71,
        type: 2}
      propertyPath: m_SizeDelta.y
      value: 1
      objectReference: {fileID: 0}
    - target: {fileID: 224363007970115428, guid: 7db74c630e1c28746892637191e44e71,
        type: 2}
      propertyPath: m_AnchorMin.x
      value: 0
      objectReference: {fileID: 0}
    - target: {fileID: 224363007970115428, guid: 7db74c630e1c28746892637191e44e71,
        type: 2}
      propertyPath: m_AnchorMin.y
      value: 1
      objectReference: {fileID: 0}
    - target: {fileID: 224363007970115428, guid: 7db74c630e1c28746892637191e44e71,
        type: 2}
      propertyPath: m_AnchorMax.x
      value: 0
      objectReference: {fileID: 0}
    - target: {fileID: 224363007970115428, guid: 7db74c630e1c28746892637191e44e71,
        type: 2}
      propertyPath: m_AnchorMax.y
      value: 1
      objectReference: {fileID: 0}
    - target: {fileID: 224363007970115428, guid: 7db74c630e1c28746892637191e44e71,
        type: 2}
      propertyPath: m_Pivot.x
      value: 0.5
      objectReference: {fileID: 0}
    - target: {fileID: 224363007970115428, guid: 7db74c630e1c28746892637191e44e71,
        type: 2}
      propertyPath: m_Pivot.y
      value: 0.5
      objectReference: {fileID: 0}
    - target: {fileID: 1486427491344470, guid: 7db74c630e1c28746892637191e44e71, type: 2}
      propertyPath: m_Name
      value: ep1_GearSlot (1)
      objectReference: {fileID: 0}
    - target: {fileID: 224772588177562770, guid: 7db74c630e1c28746892637191e44e71,
        type: 2}
      propertyPath: m_AnchorMin.y
      value: 1
      objectReference: {fileID: 0}
    - target: {fileID: 224772588177562770, guid: 7db74c630e1c28746892637191e44e71,
        type: 2}
      propertyPath: m_AnchorMax.y
      value: 1
      objectReference: {fileID: 0}
    - target: {fileID: 224772588177562770, guid: 7db74c630e1c28746892637191e44e71,
        type: 2}
      propertyPath: m_AnchoredPosition.x
      value: 0.5
      objectReference: {fileID: 0}
    - target: {fileID: 224772588177562770, guid: 7db74c630e1c28746892637191e44e71,
        type: 2}
      propertyPath: m_AnchoredPosition.y
      value: -0.5
      objectReference: {fileID: 0}
    - target: {fileID: 224772588177562770, guid: 7db74c630e1c28746892637191e44e71,
        type: 2}
      propertyPath: m_SizeDelta.x
      value: 1
      objectReference: {fileID: 0}
    - target: {fileID: 224772588177562770, guid: 7db74c630e1c28746892637191e44e71,
        type: 2}
      propertyPath: m_SizeDelta.y
      value: 1
      objectReference: {fileID: 0}
    m_RemovedComponents: []
  m_ParentPrefab: {fileID: 100100000, guid: 7db74c630e1c28746892637191e44e71, type: 2}
  m_IsPrefabParent: 0
--- !u!114 &938553022 stripped
MonoBehaviour:
  m_PrefabParentObject: {fileID: 114134711800284010, guid: 5da87c824dd5eea4ab468ba45323428f,
    type: 2}
  m_PrefabInternal: {fileID: 1424465955}
  m_Script: {fileID: 11500000, guid: 5e6077bf702eba04bb4cf9bcf39ecc64, type: 3}
--- !u!1 &1108587031
GameObject:
  m_ObjectHideFlags: 0
  m_PrefabParentObject: {fileID: 0}
  m_PrefabInternal: {fileID: 0}
  serializedVersion: 5
  m_Component:
  - component: {fileID: 1108587032}
  - component: {fileID: 1108587033}
  - component: {fileID: 1108587034}
  m_Layer: 0
  m_Name: SubGear3
  m_TagString: Untagged
  m_Icon: {fileID: 0}
  m_NavMeshLayer: 0
  m_StaticEditorFlags: 0
  m_IsActive: 1
--- !u!4 &1108587032
Transform:
  m_ObjectHideFlags: 0
  m_PrefabParentObject: {fileID: 0}
  m_PrefabInternal: {fileID: 0}
  m_GameObject: {fileID: 1108587031}
  m_LocalRotation: {x: 0, y: 0, z: 0, w: 1}
  m_LocalPosition: {x: -1.03, y: -0.165, z: 0}
  m_LocalScale: {x: 1.0000002, y: 1.0000002, z: 1}
  m_Children: []
  m_Father: {fileID: 1213852694}
  m_RootOrder: 2
  m_LocalEulerAnglesHint: {x: 0, y: 0, z: 0}
--- !u!212 &1108587033
SpriteRenderer:
  m_ObjectHideFlags: 0
  m_PrefabParentObject: {fileID: 0}
  m_PrefabInternal: {fileID: 0}
  m_GameObject: {fileID: 1108587031}
  m_Enabled: 1
  m_CastShadows: 0
  m_ReceiveShadows: 0
  m_DynamicOccludee: 1
  m_MotionVectors: 1
  m_LightProbeUsage: 1
  m_ReflectionProbeUsage: 1
  m_Materials:
  - {fileID: 10754, guid: 0000000000000000f000000000000000, type: 0}
  m_StaticBatchInfo:
    firstSubMesh: 0
    subMeshCount: 0
  m_StaticBatchRoot: {fileID: 0}
  m_ProbeAnchor: {fileID: 0}
  m_LightProbeVolumeOverride: {fileID: 0}
  m_ScaleInLightmap: 1
  m_PreserveUVs: 0
  m_IgnoreNormalsForChartDetection: 0
  m_ImportantGI: 0
  m_StitchLightmapSeams: 0
  m_SelectedEditorRenderState: 0
  m_MinimumChartSize: 4
  m_AutoUVMaxDistance: 0.5
  m_AutoUVMaxAngle: 89
  m_LightmapParameters: {fileID: 0}
  m_SortingLayerID: -1095283535
  m_SortingLayer: 6
  m_SortingOrder: 1
  m_Sprite: {fileID: 21300016, guid: 1ea25b1bc1685d6479bcd3d33a1e21aa, type: 3}
  m_Color: {r: 1, g: 1, b: 1, a: 1}
  m_FlipX: 0
  m_FlipY: 0
  m_DrawMode: 0
  m_Size: {x: 1.1, y: 1.08}
  m_AdaptiveModeThreshold: 0.5
  m_SpriteTileMode: 0
  m_WasSpriteAssigned: 1
  m_MaskInteraction: 0
--- !u!114 &1108587034
MonoBehaviour:
  m_ObjectHideFlags: 0
  m_PrefabParentObject: {fileID: 0}
  m_PrefabInternal: {fileID: 0}
  m_GameObject: {fileID: 1108587031}
  m_Enabled: 1
  m_EditorHideFlags: 0
  m_Script: {fileID: 11500000, guid: 5e6077bf702eba04bb4cf9bcf39ecc64, type: 3}
  m_Name: 
  m_EditorClassIdentifier: 
  direction: 0
  rotating: 0
  dependentGears:
  - {fileID: 938553022}
--- !u!1 &1213852693
GameObject:
  m_ObjectHideFlags: 0
  m_PrefabParentObject: {fileID: 0}
  m_PrefabInternal: {fileID: 0}
  serializedVersion: 5
  m_Component:
  - component: {fileID: 1213852694}
  - component: {fileID: 1213852695}
  - component: {fileID: 1213852697}
  m_Layer: 0
  m_Name: ComplexGear
  m_TagString: Untagged
  m_Icon: {fileID: 0}
  m_NavMeshLayer: 0
  m_StaticEditorFlags: 0
  m_IsActive: 1
--- !u!4 &1213852694
Transform:
  m_ObjectHideFlags: 0
  m_PrefabParentObject: {fileID: 0}
  m_PrefabInternal: {fileID: 0}
  m_GameObject: {fileID: 1213852693}
  m_LocalRotation: {x: 0, y: -0, z: 0.9396927, w: -0.3420201}
  m_LocalPosition: {x: 2.193, y: 1.816, z: -0.15625}
  m_LocalScale: {x: 1, y: 1, z: 1}
  m_Children:
  - {fileID: 506104676}
  - {fileID: 1503362984}
  - {fileID: 1108587032}
  - {fileID: 548323683}
  m_Father: {fileID: 779472332}
  m_RootOrder: 1
  m_LocalEulerAnglesHint: {x: 0, y: 0, z: 220}
--- !u!212 &1213852695
SpriteRenderer:
  m_ObjectHideFlags: 0
  m_PrefabParentObject: {fileID: 0}
  m_PrefabInternal: {fileID: 0}
  m_GameObject: {fileID: 1213852693}
  m_Enabled: 1
  m_CastShadows: 0
  m_ReceiveShadows: 0
  m_DynamicOccludee: 1
  m_MotionVectors: 1
  m_LightProbeUsage: 1
  m_ReflectionProbeUsage: 1
  m_Materials:
  - {fileID: 10754, guid: 0000000000000000f000000000000000, type: 0}
  m_StaticBatchInfo:
    firstSubMesh: 0
    subMeshCount: 0
  m_StaticBatchRoot: {fileID: 0}
  m_ProbeAnchor: {fileID: 0}
  m_LightProbeVolumeOverride: {fileID: 0}
  m_ScaleInLightmap: 1
  m_PreserveUVs: 0
  m_IgnoreNormalsForChartDetection: 0
  m_ImportantGI: 0
  m_StitchLightmapSeams: 0
  m_SelectedEditorRenderState: 0
  m_MinimumChartSize: 4
  m_AutoUVMaxDistance: 0.5
  m_AutoUVMaxAngle: 89
  m_LightmapParameters: {fileID: 0}
  m_SortingLayerID: -1095283535
  m_SortingLayer: 6
  m_SortingOrder: 0
  m_Sprite: {fileID: 21300020, guid: 1ea25b1bc1685d6479bcd3d33a1e21aa, type: 3}
  m_Color: {r: 1, g: 1, b: 1, a: 1}
  m_FlipX: 0
  m_FlipY: 0
  m_DrawMode: 0
  m_Size: {x: 2.97, y: 3.1100001}
  m_AdaptiveModeThreshold: 0.5
  m_SpriteTileMode: 0
  m_WasSpriteAssigned: 1
  m_MaskInteraction: 0
--- !u!114 &1213852697
MonoBehaviour:
  m_ObjectHideFlags: 0
  m_PrefabParentObject: {fileID: 0}
  m_PrefabInternal: {fileID: 0}
  m_GameObject: {fileID: 1213852693}
  m_Enabled: 1
  m_EditorHideFlags: 0
  m_Script: {fileID: 11500000, guid: 1960c61dafbd4ec4d8952cca12590767, type: 3}
  m_Name: 
  m_EditorClassIdentifier: 
  direction: 1
  rotating: 1
  dependentGears: []
--- !u!1 &1258049082
GameObject:
  m_ObjectHideFlags: 0
  m_PrefabParentObject: {fileID: 0}
  m_PrefabInternal: {fileID: 0}
  serializedVersion: 5
  m_Component:
  - component: {fileID: 1258049083}
  - component: {fileID: 1258049084}
  m_Layer: 0
  m_Name: YellowSomething
  m_TagString: Untagged
  m_Icon: {fileID: 0}
  m_NavMeshLayer: 0
  m_StaticEditorFlags: 0
  m_IsActive: 1
--- !u!4 &1258049083
Transform:
  m_ObjectHideFlags: 0
  m_PrefabParentObject: {fileID: 0}
  m_PrefabInternal: {fileID: 0}
  m_GameObject: {fileID: 1258049082}
  m_LocalRotation: {x: -0, y: -0, z: -0, w: 1}
  m_LocalPosition: {x: 0.73, y: 0.03, z: 0}
  m_LocalScale: {x: 1, y: 1, z: 1}
  m_Children: []
  m_Father: {fileID: 1601111047}
  m_RootOrder: 0
  m_LocalEulerAnglesHint: {x: 0, y: 0, z: 0}
--- !u!212 &1258049084
SpriteRenderer:
  m_ObjectHideFlags: 0
  m_PrefabParentObject: {fileID: 0}
  m_PrefabInternal: {fileID: 0}
  m_GameObject: {fileID: 1258049082}
  m_Enabled: 1
  m_CastShadows: 0
  m_ReceiveShadows: 0
  m_DynamicOccludee: 1
  m_MotionVectors: 1
  m_LightProbeUsage: 1
  m_ReflectionProbeUsage: 1
  m_Materials:
  - {fileID: 10754, guid: 0000000000000000f000000000000000, type: 0}
  m_StaticBatchInfo:
    firstSubMesh: 0
    subMeshCount: 0
  m_StaticBatchRoot: {fileID: 0}
  m_ProbeAnchor: {fileID: 0}
  m_LightProbeVolumeOverride: {fileID: 0}
  m_ScaleInLightmap: 1
  m_PreserveUVs: 0
  m_IgnoreNormalsForChartDetection: 0
  m_ImportantGI: 0
  m_StitchLightmapSeams: 0
  m_SelectedEditorRenderState: 0
  m_MinimumChartSize: 4
  m_AutoUVMaxDistance: 0.5
  m_AutoUVMaxAngle: 89
  m_LightmapParameters: {fileID: 0}
  m_SortingLayerID: -1095283535
  m_SortingLayer: 6
  m_SortingOrder: 0
  m_Sprite: {fileID: 21300004, guid: 1ea25b1bc1685d6479bcd3d33a1e21aa, type: 3}
  m_Color: {r: 1, g: 1, b: 1, a: 1}
  m_FlipX: 0
  m_FlipY: 0
  m_DrawMode: 0
  m_Size: {x: 10.11, y: 8.620001}
  m_AdaptiveModeThreshold: 0.5
  m_SpriteTileMode: 0
  m_WasSpriteAssigned: 1
  m_MaskInteraction: 0
--- !u!224 &1411562796 stripped
RectTransform:
  m_PrefabParentObject: {fileID: 224363007970115428, guid: 7db74c630e1c28746892637191e44e71,
    type: 2}
  m_PrefabInternal: {fileID: 97908884}
--- !u!1001 &1424465955
Prefab:
  m_ObjectHideFlags: 0
  serializedVersion: 2
  m_Modification:
    m_TransformParent: {fileID: 1483004406}
    m_Modifications:
    - target: {fileID: 114134711800284010, guid: 5da87c824dd5eea4ab468ba45323428f,
        type: 2}
      propertyPath: dependentGears.Array.size
      value: 1
      objectReference: {fileID: 0}
    - target: {fileID: 224794697876578274, guid: 5da87c824dd5eea4ab468ba45323428f,
        type: 2}
      propertyPath: m_LocalPosition.x
      value: 0
      objectReference: {fileID: 0}
    - target: {fileID: 224794697876578274, guid: 5da87c824dd5eea4ab468ba45323428f,
        type: 2}
      propertyPath: m_LocalPosition.y
      value: 0
      objectReference: {fileID: 0}
    - target: {fileID: 224794697876578274, guid: 5da87c824dd5eea4ab468ba45323428f,
        type: 2}
      propertyPath: m_LocalPosition.z
      value: 0
      objectReference: {fileID: 0}
    - target: {fileID: 224794697876578274, guid: 5da87c824dd5eea4ab468ba45323428f,
        type: 2}
      propertyPath: m_LocalRotation.x
      value: -0
      objectReference: {fileID: 0}
    - target: {fileID: 224794697876578274, guid: 5da87c824dd5eea4ab468ba45323428f,
        type: 2}
      propertyPath: m_LocalRotation.y
      value: -0
      objectReference: {fileID: 0}
    - target: {fileID: 224794697876578274, guid: 5da87c824dd5eea4ab468ba45323428f,
        type: 2}
      propertyPath: m_LocalRotation.z
      value: -0
      objectReference: {fileID: 0}
    - target: {fileID: 224794697876578274, guid: 5da87c824dd5eea4ab468ba45323428f,
        type: 2}
      propertyPath: m_LocalRotation.w
      value: 1
      objectReference: {fileID: 0}
    - target: {fileID: 224794697876578274, guid: 5da87c824dd5eea4ab468ba45323428f,
        type: 2}
      propertyPath: m_RootOrder
      value: 3
      objectReference: {fileID: 0}
    - target: {fileID: 224794697876578274, guid: 5da87c824dd5eea4ab468ba45323428f,
        type: 2}
      propertyPath: m_AnchoredPosition.x
      value: 5.978
      objectReference: {fileID: 0}
    - target: {fileID: 224794697876578274, guid: 5da87c824dd5eea4ab468ba45323428f,
        type: 2}
      propertyPath: m_AnchoredPosition.y
      value: -3.34
      objectReference: {fileID: 0}
    - target: {fileID: 224794697876578274, guid: 5da87c824dd5eea4ab468ba45323428f,
        type: 2}
      propertyPath: m_SizeDelta.x
      value: 1
      objectReference: {fileID: 0}
    - target: {fileID: 224794697876578274, guid: 5da87c824dd5eea4ab468ba45323428f,
        type: 2}
      propertyPath: m_SizeDelta.y
      value: 1
      objectReference: {fileID: 0}
    - target: {fileID: 224794697876578274, guid: 5da87c824dd5eea4ab468ba45323428f,
        type: 2}
      propertyPath: m_AnchorMin.x
      value: 0
      objectReference: {fileID: 0}
    - target: {fileID: 224794697876578274, guid: 5da87c824dd5eea4ab468ba45323428f,
        type: 2}
      propertyPath: m_AnchorMin.y
      value: 1
      objectReference: {fileID: 0}
    - target: {fileID: 224794697876578274, guid: 5da87c824dd5eea4ab468ba45323428f,
        type: 2}
      propertyPath: m_AnchorMax.x
      value: 0
      objectReference: {fileID: 0}
    - target: {fileID: 224794697876578274, guid: 5da87c824dd5eea4ab468ba45323428f,
        type: 2}
      propertyPath: m_AnchorMax.y
      value: 1
      objectReference: {fileID: 0}
    - target: {fileID: 224794697876578274, guid: 5da87c824dd5eea4ab468ba45323428f,
        type: 2}
      propertyPath: m_Pivot.x
      value: 0.5
      objectReference: {fileID: 0}
    - target: {fileID: 224794697876578274, guid: 5da87c824dd5eea4ab468ba45323428f,
        type: 2}
      propertyPath: m_Pivot.y
      value: 0.5
      objectReference: {fileID: 0}
    - target: {fileID: 1359768120964042, guid: 5da87c824dd5eea4ab468ba45323428f, type: 2}
      propertyPath: m_Name
      value: ep1_MechanismSlot4
      objectReference: {fileID: 0}
    - target: {fileID: 114401605119422056, guid: 5da87c824dd5eea4ab468ba45323428f,
        type: 2}
      propertyPath: slotNumber
      value: 4
      objectReference: {fileID: 0}
    - target: {fileID: 114134711800284010, guid: 5da87c824dd5eea4ab468ba45323428f,
        type: 2}
      propertyPath: dependentGears.Array.data[0]
      value: 
      objectReference: {fileID: 1450134172}
    - target: {fileID: 114134711800284010, guid: 5da87c824dd5eea4ab468ba45323428f,
        type: 2}
      propertyPath: direction
      value: 1
      objectReference: {fileID: 0}
    m_RemovedComponents: []
  m_ParentPrefab: {fileID: 100100000, guid: 5da87c824dd5eea4ab468ba45323428f, type: 2}
  m_IsPrefabParent: 0
--- !u!1 &1450134169
GameObject:
  m_ObjectHideFlags: 0
  m_PrefabParentObject: {fileID: 0}
  m_PrefabInternal: {fileID: 0}
  serializedVersion: 5
  m_Component:
  - component: {fileID: 1450134170}
  - component: {fileID: 1450134171}
  - component: {fileID: 1450134172}
  m_Layer: 0
  m_Name: Gear5
  m_TagString: Untagged
  m_Icon: {fileID: 0}
  m_NavMeshLayer: 0
  m_StaticEditorFlags: 0
  m_IsActive: 1
--- !u!4 &1450134170
Transform:
  m_ObjectHideFlags: 0
  m_PrefabParentObject: {fileID: 0}
  m_PrefabInternal: {fileID: 0}
  m_GameObject: {fileID: 1450134169}
  m_LocalRotation: {x: -0, y: -0, z: -0, w: 1}
  m_LocalPosition: {x: -0.97, y: 0.63, z: -0.15625}
  m_LocalScale: {x: 1, y: 1, z: 1}
  m_Children: []
  m_Father: {fileID: 779472332}
  m_RootOrder: 5
  m_LocalEulerAnglesHint: {x: 0, y: 0, z: 0}
--- !u!212 &1450134171
SpriteRenderer:
  m_ObjectHideFlags: 0
  m_PrefabParentObject: {fileID: 0}
  m_PrefabInternal: {fileID: 0}
  m_GameObject: {fileID: 1450134169}
  m_Enabled: 1
  m_CastShadows: 0
  m_ReceiveShadows: 0
  m_DynamicOccludee: 1
  m_MotionVectors: 1
  m_LightProbeUsage: 1
  m_ReflectionProbeUsage: 1
  m_Materials:
  - {fileID: 10754, guid: 0000000000000000f000000000000000, type: 0}
  m_StaticBatchInfo:
    firstSubMesh: 0
    subMeshCount: 0
  m_StaticBatchRoot: {fileID: 0}
  m_ProbeAnchor: {fileID: 0}
  m_LightProbeVolumeOverride: {fileID: 0}
  m_ScaleInLightmap: 1
  m_PreserveUVs: 0
  m_IgnoreNormalsForChartDetection: 0
  m_ImportantGI: 0
  m_StitchLightmapSeams: 0
  m_SelectedEditorRenderState: 0
  m_MinimumChartSize: 4
  m_AutoUVMaxDistance: 0.5
  m_AutoUVMaxAngle: 89
  m_LightmapParameters: {fileID: 0}
  m_SortingLayerID: -1095283535
  m_SortingLayer: 6
  m_SortingOrder: 0
  m_Sprite: {fileID: 21300010, guid: 1ea25b1bc1685d6479bcd3d33a1e21aa, type: 3}
  m_Color: {r: 1, g: 1, b: 1, a: 1}
  m_FlipX: 0
  m_FlipY: 0
  m_DrawMode: 0
  m_Size: {x: 2.29, y: 2.29}
  m_AdaptiveModeThreshold: 0.5
  m_SpriteTileMode: 0
  m_WasSpriteAssigned: 1
  m_MaskInteraction: 0
--- !u!114 &1450134172
MonoBehaviour:
  m_ObjectHideFlags: 0
  m_PrefabParentObject: {fileID: 0}
  m_PrefabInternal: {fileID: 0}
  m_GameObject: {fileID: 1450134169}
  m_Enabled: 1
  m_EditorHideFlags: 0
  m_Script: {fileID: 11500000, guid: 5e6077bf702eba04bb4cf9bcf39ecc64, type: 3}
  m_Name: 
  m_EditorClassIdentifier: 
  direction: 0
  rotating: 1
  dependentGears:
  - {fileID: 1889005816}
--- !u!1 &1483004405
GameObject:
  m_ObjectHideFlags: 0
  m_PrefabParentObject: {fileID: 0}
  m_PrefabInternal: {fileID: 0}
  serializedVersion: 5
  m_Component:
  - component: {fileID: 1483004406}
  - component: {fileID: 1483004409}
  - component: {fileID: 1483004408}
  - component: {fileID: 1483004407}
  m_Layer: 5
  m_Name: Mechanism
  m_TagString: Untagged
  m_Icon: {fileID: 0}
  m_NavMeshLayer: 0
  m_StaticEditorFlags: 0
  m_IsActive: 1
--- !u!224 &1483004406
RectTransform:
  m_ObjectHideFlags: 0
  m_PrefabParentObject: {fileID: 0}
  m_PrefabInternal: {fileID: 0}
  m_GameObject: {fileID: 1483004405}
  m_LocalRotation: {x: 0, y: 0, z: 0, w: 1}
  m_LocalPosition: {x: 0, y: 0, z: 0}
  m_LocalScale: {x: 1, y: 1, z: 1}
  m_Children:
  - {fileID: 1608167264}
  - {fileID: 204076389}
  - {fileID: 7139930}
  - {fileID: 2018790327}
  - {fileID: 299570967}
  m_Father: {fileID: 358702855}
  m_RootOrder: 1
  m_LocalEulerAnglesHint: {x: 0, y: 0, z: 0}
  m_AnchorMin: {x: 0, y: 0}
  m_AnchorMax: {x: 1, y: 1}
  m_AnchoredPosition: {x: 0, y: 0}
  m_SizeDelta: {x: 0, y: 0}
  m_Pivot: {x: 0.5, y: 0.5}
--- !u!114 &1483004407
MonoBehaviour:
  m_ObjectHideFlags: 0
  m_PrefabParentObject: {fileID: 0}
  m_PrefabInternal: {fileID: 0}
  m_GameObject: {fileID: 1483004405}
  m_Enabled: 1
  m_EditorHideFlags: 0
  m_Script: {fileID: 1301386320, guid: f70555f144d8491a825f0804e09c671c, type: 3}
  m_Name: 
  m_EditorClassIdentifier: 
  m_IgnoreReversedGraphics: 1
  m_BlockingObjects: 0
  m_BlockingMask:
    serializedVersion: 2
    m_Bits: 4294967295
--- !u!114 &1483004408
MonoBehaviour:
  m_ObjectHideFlags: 0
  m_PrefabParentObject: {fileID: 0}
  m_PrefabInternal: {fileID: 0}
  m_GameObject: {fileID: 1483004405}
  m_Enabled: 1
  m_EditorHideFlags: 0
  m_Script: {fileID: 1980459831, guid: f70555f144d8491a825f0804e09c671c, type: 3}
  m_Name: 
  m_EditorClassIdentifier: 
  m_UiScaleMode: 0
  m_ReferencePixelsPerUnit: 100
  m_ScaleFactor: 1
  m_ReferenceResolution: {x: 800, y: 600}
  m_ScreenMatchMode: 0
  m_MatchWidthOrHeight: 0
  m_PhysicalUnit: 3
  m_FallbackScreenDPI: 96
  m_DefaultSpriteDPI: 96
  m_DynamicPixelsPerUnit: 1
--- !u!223 &1483004409
Canvas:
  m_ObjectHideFlags: 0
  m_PrefabParentObject: {fileID: 0}
  m_PrefabInternal: {fileID: 0}
  m_GameObject: {fileID: 1483004405}
  m_Enabled: 1
  serializedVersion: 3
  m_RenderMode: 0
  m_Camera: {fileID: 0}
  m_PlaneDistance: 100
  m_PixelPerfect: 0
  m_ReceivesEvents: 1
  m_OverrideSorting: 0
  m_OverridePixelPerfect: 0
  m_SortingBucketNormalizedSize: 0
  m_AdditionalShaderChannelsFlag: 0
  m_SortingLayerID: 0
  m_SortingOrder: 0
  m_TargetDisplay: 0
--- !u!1 &1503362983
GameObject:
  m_ObjectHideFlags: 0
  m_PrefabParentObject: {fileID: 0}
  m_PrefabInternal: {fileID: 0}
  serializedVersion: 5
  m_Component:
  - component: {fileID: 1503362984}
  - component: {fileID: 1503362985}
  - component: {fileID: 1503362986}
  m_Layer: 0
  m_Name: SubGear2
  m_TagString: Untagged
  m_Icon: {fileID: 0}
  m_NavMeshLayer: 0
  m_StaticEditorFlags: 0
  m_IsActive: 1
--- !u!4 &1503362984
Transform:
  m_ObjectHideFlags: 0
  m_PrefabParentObject: {fileID: 0}
  m_PrefabInternal: {fileID: 0}
  m_GameObject: {fileID: 1503362983}
  m_LocalRotation: {x: 0, y: 0, z: 0, w: 1}
  m_LocalPosition: {x: 0.362, y: -0.91, z: 0}
  m_LocalScale: {x: 1.0000002, y: 1.0000002, z: 1}
  m_Children: []
  m_Father: {fileID: 1213852694}
  m_RootOrder: 1
  m_LocalEulerAnglesHint: {x: 0, y: 0, z: 0}
--- !u!212 &1503362985
SpriteRenderer:
  m_ObjectHideFlags: 0
  m_PrefabParentObject: {fileID: 0}
  m_PrefabInternal: {fileID: 0}
  m_GameObject: {fileID: 1503362983}
  m_Enabled: 1
  m_CastShadows: 0
  m_ReceiveShadows: 0
  m_DynamicOccludee: 1
  m_MotionVectors: 1
  m_LightProbeUsage: 1
  m_ReflectionProbeUsage: 1
  m_Materials:
  - {fileID: 10754, guid: 0000000000000000f000000000000000, type: 0}
  m_StaticBatchInfo:
    firstSubMesh: 0
    subMeshCount: 0
  m_StaticBatchRoot: {fileID: 0}
  m_ProbeAnchor: {fileID: 0}
  m_LightProbeVolumeOverride: {fileID: 0}
  m_ScaleInLightmap: 1
  m_PreserveUVs: 0
  m_IgnoreNormalsForChartDetection: 0
  m_ImportantGI: 0
  m_StitchLightmapSeams: 0
  m_SelectedEditorRenderState: 0
  m_MinimumChartSize: 4
  m_AutoUVMaxDistance: 0.5
  m_AutoUVMaxAngle: 89
  m_LightmapParameters: {fileID: 0}
  m_SortingLayerID: -1095283535
  m_SortingLayer: 6
  m_SortingOrder: 1
  m_Sprite: {fileID: 21300016, guid: 1ea25b1bc1685d6479bcd3d33a1e21aa, type: 3}
  m_Color: {r: 1, g: 1, b: 1, a: 1}
  m_FlipX: 0
  m_FlipY: 0
  m_DrawMode: 0
  m_Size: {x: 1.1, y: 1.08}
  m_AdaptiveModeThreshold: 0.5
  m_SpriteTileMode: 0
  m_WasSpriteAssigned: 1
  m_MaskInteraction: 0
--- !u!114 &1503362986
MonoBehaviour:
  m_ObjectHideFlags: 0
  m_PrefabParentObject: {fileID: 0}
  m_PrefabInternal: {fileID: 0}
  m_GameObject: {fileID: 1503362983}
  m_Enabled: 1
  m_EditorHideFlags: 0
  m_Script: {fileID: 11500000, guid: 5e6077bf702eba04bb4cf9bcf39ecc64, type: 3}
  m_Name: 
  m_EditorClassIdentifier: 
  direction: 0
  rotating: 0
  dependentGears:
  - {fileID: 506104678}
--- !u!1 &1598097550
GameObject:
  m_ObjectHideFlags: 0
  m_PrefabParentObject: {fileID: 0}
  m_PrefabInternal: {fileID: 0}
  serializedVersion: 5
  m_Component:
  - component: {fileID: 1598097551}
  - component: {fileID: 1598097553}
  - component: {fileID: 1598097552}
  m_Layer: 0
  m_Name: Chain
  m_TagString: Untagged
  m_Icon: {fileID: 0}
  m_NavMeshLayer: 0
  m_StaticEditorFlags: 0
  m_IsActive: 1
--- !u!4 &1598097551
Transform:
  m_ObjectHideFlags: 0
  m_PrefabParentObject: {fileID: 0}
  m_PrefabInternal: {fileID: 0}
  m_GameObject: {fileID: 1598097550}
  m_LocalRotation: {x: -0, y: -0, z: -0, w: 1}
  m_LocalPosition: {x: -3.57, y: 5, z: 0}
  m_LocalScale: {x: 1, y: 1, z: 1}
  m_Children: []
  m_Father: {fileID: 779472332}
  m_RootOrder: 6
  m_LocalEulerAnglesHint: {x: 0, y: 0, z: 0}
--- !u!114 &1598097552
MonoBehaviour:
  m_ObjectHideFlags: 0
  m_PrefabParentObject: {fileID: 0}
  m_PrefabInternal: {fileID: 0}
  m_GameObject: {fileID: 1598097550}
  m_Enabled: 1
  m_EditorHideFlags: 0
  m_Script: {fileID: 11500000, guid: 6b1f4656e799211428420078746f3561, type: 3}
  m_Name: 
  m_EditorClassIdentifier: 
  finalY: -0.45
  minimalY: 7.21
  chainSpeed: 1
--- !u!212 &1598097553
SpriteRenderer:
  m_ObjectHideFlags: 0
  m_PrefabParentObject: {fileID: 0}
  m_PrefabInternal: {fileID: 0}
  m_GameObject: {fileID: 1598097550}
  m_Enabled: 1
  m_CastShadows: 0
  m_ReceiveShadows: 0
  m_DynamicOccludee: 1
  m_MotionVectors: 1
  m_LightProbeUsage: 1
  m_ReflectionProbeUsage: 1
  m_Materials:
  - {fileID: 10754, guid: 0000000000000000f000000000000000, type: 0}
  m_StaticBatchInfo:
    firstSubMesh: 0
    subMeshCount: 0
  m_StaticBatchRoot: {fileID: 0}
  m_ProbeAnchor: {fileID: 0}
  m_LightProbeVolumeOverride: {fileID: 0}
  m_ScaleInLightmap: 1
  m_PreserveUVs: 0
  m_IgnoreNormalsForChartDetection: 0
  m_ImportantGI: 0
  m_StitchLightmapSeams: 0
  m_SelectedEditorRenderState: 0
  m_MinimumChartSize: 4
  m_AutoUVMaxDistance: 0.5
  m_AutoUVMaxAngle: 89
  m_LightmapParameters: {fileID: 0}
  m_SortingLayerID: -1095283535
  m_SortingLayer: 6
  m_SortingOrder: 0
  m_Sprite: {fileID: 21300006, guid: 1ea25b1bc1685d6479bcd3d33a1e21aa, type: 3}
  m_Color: {r: 1, g: 1, b: 1, a: 1}
  m_FlipX: 0
  m_FlipY: 0
  m_DrawMode: 0
  m_Size: {x: 1.38, y: 7.84}
  m_AdaptiveModeThreshold: 0.5
  m_SpriteTileMode: 0
  m_WasSpriteAssigned: 1
  m_MaskInteraction: 0
--- !u!1 &1601111045
GameObject:
  m_ObjectHideFlags: 0
  m_PrefabParentObject: {fileID: 0}
  m_PrefabInternal: {fileID: 0}
  serializedVersion: 5
  m_Component:
  - component: {fileID: 1601111047}
  - component: {fileID: 1601111046}
  m_Layer: 0
  m_Name: Background
  m_TagString: Untagged
  m_Icon: {fileID: 0}
  m_NavMeshLayer: 0
  m_StaticEditorFlags: 0
  m_IsActive: 1
--- !u!212 &1601111046
SpriteRenderer:
  m_ObjectHideFlags: 0
  m_PrefabParentObject: {fileID: 0}
  m_PrefabInternal: {fileID: 0}
  m_GameObject: {fileID: 1601111045}
  m_Enabled: 1
  m_CastShadows: 0
  m_ReceiveShadows: 0
  m_DynamicOccludee: 1
  m_MotionVectors: 1
  m_LightProbeUsage: 1
  m_ReflectionProbeUsage: 1
  m_Materials:
  - {fileID: 10754, guid: 0000000000000000f000000000000000, type: 0}
  m_StaticBatchInfo:
    firstSubMesh: 0
    subMeshCount: 0
  m_StaticBatchRoot: {fileID: 0}
  m_ProbeAnchor: {fileID: 0}
  m_LightProbeVolumeOverride: {fileID: 0}
  m_ScaleInLightmap: 1
  m_PreserveUVs: 0
  m_IgnoreNormalsForChartDetection: 0
  m_ImportantGI: 0
  m_StitchLightmapSeams: 0
  m_SelectedEditorRenderState: 0
  m_MinimumChartSize: 4
  m_AutoUVMaxDistance: 0.5
  m_AutoUVMaxAngle: 89
  m_LightmapParameters: {fileID: 0}
  m_SortingLayerID: 0
  m_SortingLayer: 0
  m_SortingOrder: 0
  m_Sprite: {fileID: 21300002, guid: 1ea25b1bc1685d6479bcd3d33a1e21aa, type: 3}
  m_Color: {r: 1, g: 1, b: 1, a: 1}
  m_FlipX: 0
  m_FlipY: 0
  m_DrawMode: 0
  m_Size: {x: 11.56, y: 8.690001}
  m_AdaptiveModeThreshold: 0.5
  m_SpriteTileMode: 0
  m_WasSpriteAssigned: 1
  m_MaskInteraction: 0
--- !u!4 &1601111047
Transform:
  m_ObjectHideFlags: 0
  m_PrefabParentObject: {fileID: 0}
  m_PrefabInternal: {fileID: 0}
  m_GameObject: {fileID: 1601111045}
  m_LocalRotation: {x: 0, y: 0, z: 0, w: 1}
  m_LocalPosition: {x: 0, y: 0, z: 0}
  m_LocalScale: {x: 1, y: 1, z: 1}
  m_Children:
  - {fileID: 1258049083}
  m_Father: {fileID: 0}
  m_RootOrder: 2
  m_LocalEulerAnglesHint: {x: 0, y: 0, z: 0}
--- !u!224 &1608167264 stripped
RectTransform:
  m_PrefabParentObject: {fileID: 224794697876578274, guid: 5da87c824dd5eea4ab468ba45323428f,
    type: 2}
  m_PrefabInternal: {fileID: 733299070}
--- !u!114 &1608167265 stripped
MonoBehaviour:
  m_PrefabParentObject: {fileID: 114401605119422056, guid: 5da87c824dd5eea4ab468ba45323428f,
    type: 2}
  m_PrefabInternal: {fileID: 733299070}
  m_Script: {fileID: 11500000, guid: 625b1530ea10adf409f7d1f3984175db, type: 3}
--- !u!1 &1675113468
GameObject:
  m_ObjectHideFlags: 0
  m_PrefabParentObject: {fileID: 0}
  m_PrefabInternal: {fileID: 0}
  serializedVersion: 5
  m_Component:
  - component: {fileID: 1675113471}
  - component: {fileID: 1675113470}
  - component: {fileID: 1675113469}
  m_Layer: 0
  m_Name: EventSystem
  m_TagString: Untagged
  m_Icon: {fileID: 0}
  m_NavMeshLayer: 0
  m_StaticEditorFlags: 0
  m_IsActive: 1
--- !u!114 &1675113469
MonoBehaviour:
  m_ObjectHideFlags: 0
  m_PrefabParentObject: {fileID: 0}
  m_PrefabInternal: {fileID: 0}
  m_GameObject: {fileID: 1675113468}
  m_Enabled: 1
  m_EditorHideFlags: 0
  m_Script: {fileID: 1077351063, guid: f70555f144d8491a825f0804e09c671c, type: 3}
  m_Name: 
  m_EditorClassIdentifier: 
  m_HorizontalAxis: Horizontal
  m_VerticalAxis: Vertical
  m_SubmitButton: Submit
  m_CancelButton: Cancel
  m_InputActionsPerSecond: 10
  m_RepeatDelay: 0.5
  m_ForceModuleActive: 0
--- !u!114 &1675113470
MonoBehaviour:
  m_ObjectHideFlags: 0
  m_PrefabParentObject: {fileID: 0}
  m_PrefabInternal: {fileID: 0}
  m_GameObject: {fileID: 1675113468}
  m_Enabled: 1
  m_EditorHideFlags: 0
  m_Script: {fileID: -619905303, guid: f70555f144d8491a825f0804e09c671c, type: 3}
  m_Name: 
  m_EditorClassIdentifier: 
  m_FirstSelected: {fileID: 0}
  m_sendNavigationEvents: 1
  m_DragThreshold: 5
--- !u!4 &1675113471
Transform:
  m_ObjectHideFlags: 0
  m_PrefabParentObject: {fileID: 0}
  m_PrefabInternal: {fileID: 0}
  m_GameObject: {fileID: 1675113468}
  m_LocalRotation: {x: 0, y: 0, z: 0, w: 1}
  m_LocalPosition: {x: 0, y: 0, z: 0}
  m_LocalScale: {x: 1, y: 1, z: 1}
  m_Children: []
  m_Father: {fileID: 0}
  m_RootOrder: 1
  m_LocalEulerAnglesHint: {x: 0, y: 0, z: 0}
--- !u!1001 &1677609729
Prefab:
  m_ObjectHideFlags: 0
  serializedVersion: 2
  m_Modification:
    m_TransformParent: {fileID: 1483004406}
    m_Modifications:
    - target: {fileID: 114134711800284010, guid: 5da87c824dd5eea4ab468ba45323428f,
        type: 2}
      propertyPath: dependentGears.Array.size
      value: 1
      objectReference: {fileID: 0}
    - target: {fileID: 224794697876578274, guid: 5da87c824dd5eea4ab468ba45323428f,
        type: 2}
      propertyPath: m_LocalPosition.x
      value: 0
      objectReference: {fileID: 0}
    - target: {fileID: 224794697876578274, guid: 5da87c824dd5eea4ab468ba45323428f,
        type: 2}
      propertyPath: m_LocalPosition.y
      value: 0
      objectReference: {fileID: 0}
    - target: {fileID: 224794697876578274, guid: 5da87c824dd5eea4ab468ba45323428f,
        type: 2}
      propertyPath: m_LocalPosition.z
      value: 0
      objectReference: {fileID: 0}
    - target: {fileID: 224794697876578274, guid: 5da87c824dd5eea4ab468ba45323428f,
        type: 2}
      propertyPath: m_LocalRotation.x
      value: -0
      objectReference: {fileID: 0}
    - target: {fileID: 224794697876578274, guid: 5da87c824dd5eea4ab468ba45323428f,
        type: 2}
      propertyPath: m_LocalRotation.y
      value: -0
      objectReference: {fileID: 0}
    - target: {fileID: 224794697876578274, guid: 5da87c824dd5eea4ab468ba45323428f,
        type: 2}
      propertyPath: m_LocalRotation.z
      value: -0
      objectReference: {fileID: 0}
    - target: {fileID: 224794697876578274, guid: 5da87c824dd5eea4ab468ba45323428f,
        type: 2}
      propertyPath: m_LocalRotation.w
      value: 1
      objectReference: {fileID: 0}
    - target: {fileID: 224794697876578274, guid: 5da87c824dd5eea4ab468ba45323428f,
        type: 2}
      propertyPath: m_RootOrder
      value: 4
      objectReference: {fileID: 0}
    - target: {fileID: 224794697876578274, guid: 5da87c824dd5eea4ab468ba45323428f,
        type: 2}
      propertyPath: m_AnchoredPosition.x
      value: 4.049
      objectReference: {fileID: 0}
    - target: {fileID: 224794697876578274, guid: 5da87c824dd5eea4ab468ba45323428f,
        type: 2}
      propertyPath: m_AnchoredPosition.y
      value: -3.172
      objectReference: {fileID: 0}
    - target: {fileID: 224794697876578274, guid: 5da87c824dd5eea4ab468ba45323428f,
        type: 2}
      propertyPath: m_SizeDelta.x
      value: 1
      objectReference: {fileID: 0}
    - target: {fileID: 224794697876578274, guid: 5da87c824dd5eea4ab468ba45323428f,
        type: 2}
      propertyPath: m_SizeDelta.y
      value: 1
      objectReference: {fileID: 0}
    - target: {fileID: 224794697876578274, guid: 5da87c824dd5eea4ab468ba45323428f,
        type: 2}
      propertyPath: m_AnchorMin.x
      value: 0
      objectReference: {fileID: 0}
    - target: {fileID: 224794697876578274, guid: 5da87c824dd5eea4ab468ba45323428f,
        type: 2}
      propertyPath: m_AnchorMin.y
      value: 1
      objectReference: {fileID: 0}
    - target: {fileID: 224794697876578274, guid: 5da87c824dd5eea4ab468ba45323428f,
        type: 2}
      propertyPath: m_AnchorMax.x
      value: 0
      objectReference: {fileID: 0}
    - target: {fileID: 224794697876578274, guid: 5da87c824dd5eea4ab468ba45323428f,
        type: 2}
      propertyPath: m_AnchorMax.y
      value: 1
      objectReference: {fileID: 0}
    - target: {fileID: 224794697876578274, guid: 5da87c824dd5eea4ab468ba45323428f,
        type: 2}
      propertyPath: m_Pivot.x
      value: 0.5
      objectReference: {fileID: 0}
    - target: {fileID: 224794697876578274, guid: 5da87c824dd5eea4ab468ba45323428f,
        type: 2}
      propertyPath: m_Pivot.y
      value: 0.5
      objectReference: {fileID: 0}
    - target: {fileID: 1359768120964042, guid: 5da87c824dd5eea4ab468ba45323428f, type: 2}
      propertyPath: m_Name
      value: ep1_MechanismSlot5
      objectReference: {fileID: 0}
    - target: {fileID: 114401605119422056, guid: 5da87c824dd5eea4ab468ba45323428f,
        type: 2}
      propertyPath: slotNumber
      value: 5
      objectReference: {fileID: 0}
    - target: {fileID: 114134711800284010, guid: 5da87c824dd5eea4ab468ba45323428f,
        type: 2}
      propertyPath: dependentGears.Array.data[0]
      value: 
      objectReference: {fileID: 228456539}
    - target: {fileID: 114134711800284010, guid: 5da87c824dd5eea4ab468ba45323428f,
        type: 2}
      propertyPath: direction
      value: 1
      objectReference: {fileID: 0}
    m_RemovedComponents: []
  m_ParentPrefab: {fileID: 100100000, guid: 5da87c824dd5eea4ab468ba45323428f, type: 2}
  m_IsPrefabParent: 0
--- !u!1 &1827421529
GameObject:
  m_ObjectHideFlags: 0
  m_PrefabParentObject: {fileID: 0}
  m_PrefabInternal: {fileID: 0}
  serializedVersion: 5
  m_Component:
  - component: {fileID: 1827421533}
  - component: {fileID: 1827421532}
  - component: {fileID: 1827421531}
  - component: {fileID: 1827421530}
  - component: {fileID: 1827421534}
  m_Layer: 5
  m_Name: Inventory
  m_TagString: Untagged
  m_Icon: {fileID: 0}
  m_NavMeshLayer: 0
  m_StaticEditorFlags: 0
  m_IsActive: 1
--- !u!114 &1827421530
MonoBehaviour:
  m_ObjectHideFlags: 0
  m_PrefabParentObject: {fileID: 0}
  m_PrefabInternal: {fileID: 0}
  m_GameObject: {fileID: 1827421529}
  m_Enabled: 1
  m_EditorHideFlags: 0
  m_Script: {fileID: 1301386320, guid: f70555f144d8491a825f0804e09c671c, type: 3}
  m_Name: 
  m_EditorClassIdentifier: 
  m_IgnoreReversedGraphics: 1
  m_BlockingObjects: 0
  m_BlockingMask:
    serializedVersion: 2
    m_Bits: 4294967295
--- !u!114 &1827421531
MonoBehaviour:
  m_ObjectHideFlags: 0
  m_PrefabParentObject: {fileID: 0}
  m_PrefabInternal: {fileID: 0}
  m_GameObject: {fileID: 1827421529}
  m_Enabled: 1
  m_EditorHideFlags: 0
  m_Script: {fileID: 1980459831, guid: f70555f144d8491a825f0804e09c671c, type: 3}
  m_Name: 
  m_EditorClassIdentifier: 
  m_UiScaleMode: 0
  m_ReferencePixelsPerUnit: 100
  m_ScaleFactor: 1
  m_ReferenceResolution: {x: 800, y: 600}
  m_ScreenMatchMode: 0
  m_MatchWidthOrHeight: 0
  m_PhysicalUnit: 3
  m_FallbackScreenDPI: 96
  m_DefaultSpriteDPI: 96
  m_DynamicPixelsPerUnit: 1
--- !u!223 &1827421532
Canvas:
  m_ObjectHideFlags: 0
  m_PrefabParentObject: {fileID: 0}
  m_PrefabInternal: {fileID: 0}
  m_GameObject: {fileID: 1827421529}
  m_Enabled: 1
  serializedVersion: 3
  m_RenderMode: 2
  m_Camera: {fileID: 0}
  m_PlaneDistance: 100
  m_PixelPerfect: 0
  m_ReceivesEvents: 1
  m_OverrideSorting: 0
  m_OverridePixelPerfect: 0
  m_SortingBucketNormalizedSize: 0
  m_AdditionalShaderChannelsFlag: 0
  m_SortingLayerID: 0
  m_SortingOrder: 0
  m_TargetDisplay: 0
--- !u!224 &1827421533
RectTransform:
  m_ObjectHideFlags: 0
  m_PrefabParentObject: {fileID: 0}
  m_PrefabInternal: {fileID: 0}
  m_GameObject: {fileID: 1827421529}
  m_LocalRotation: {x: -0, y: -0, z: -0, w: 1}
  m_LocalPosition: {x: 0, y: 0, z: 0}
  m_LocalScale: {x: 1, y: 1, z: 1}
  m_Children:
  - {fileID: 396918556}
  - {fileID: 268141634}
  - {fileID: 1411562796}
  m_Father: {fileID: 358702855}
  m_RootOrder: 0
  m_LocalEulerAnglesHint: {x: 0, y: 0, z: 0}
  m_AnchorMin: {x: 0, y: 0}
  m_AnchorMax: {x: 0, y: 0}
  m_AnchoredPosition: {x: 0.7674999, y: 6.3814993}
  m_SizeDelta: {x: 1.484, y: 4.42}
  m_Pivot: {x: 0.5, y: 0.5}
--- !u!114 &1827421534
MonoBehaviour:
  m_ObjectHideFlags: 0
  m_PrefabParentObject: {fileID: 0}
  m_PrefabInternal: {fileID: 0}
  m_GameObject: {fileID: 1827421529}
  m_Enabled: 1
  m_EditorHideFlags: 0
  m_Script: {fileID: 1297475563, guid: f70555f144d8491a825f0804e09c671c, type: 3}
  m_Name: 
  m_EditorClassIdentifier: 
  m_Padding:
    m_Left: 0
    m_Right: 0
    m_Top: 0
    m_Bottom: 0
  m_ChildAlignment: 4
  m_Spacing: 0
  m_ChildForceExpandWidth: 1
  m_ChildForceExpandHeight: 1
  m_ChildControlWidth: 0
  m_ChildControlHeight: 0
--- !u!1001 &1837728201
Prefab:
  m_ObjectHideFlags: 0
  serializedVersion: 2
  m_Modification:
    m_TransformParent: {fileID: 1483004406}
    m_Modifications:
    - target: {fileID: 114134711800284010, guid: 5da87c824dd5eea4ab468ba45323428f,
        type: 2}
      propertyPath: dependentGears.Array.size
      value: 1
      objectReference: {fileID: 0}
    - target: {fileID: 224794697876578274, guid: 5da87c824dd5eea4ab468ba45323428f,
        type: 2}
      propertyPath: m_LocalPosition.x
      value: 0
      objectReference: {fileID: 0}
    - target: {fileID: 224794697876578274, guid: 5da87c824dd5eea4ab468ba45323428f,
        type: 2}
      propertyPath: m_LocalPosition.y
      value: 0
      objectReference: {fileID: 0}
    - target: {fileID: 224794697876578274, guid: 5da87c824dd5eea4ab468ba45323428f,
        type: 2}
      propertyPath: m_LocalPosition.z
      value: 0
      objectReference: {fileID: 0}
    - target: {fileID: 224794697876578274, guid: 5da87c824dd5eea4ab468ba45323428f,
        type: 2}
      propertyPath: m_LocalRotation.x
      value: -0
      objectReference: {fileID: 0}
    - target: {fileID: 224794697876578274, guid: 5da87c824dd5eea4ab468ba45323428f,
        type: 2}
      propertyPath: m_LocalRotation.y
      value: -0
      objectReference: {fileID: 0}
    - target: {fileID: 224794697876578274, guid: 5da87c824dd5eea4ab468ba45323428f,
        type: 2}
      propertyPath: m_LocalRotation.z
      value: -0
      objectReference: {fileID: 0}
    - target: {fileID: 224794697876578274, guid: 5da87c824dd5eea4ab468ba45323428f,
        type: 2}
      propertyPath: m_LocalRotation.w
      value: 1
      objectReference: {fileID: 0}
    - target: {fileID: 224794697876578274, guid: 5da87c824dd5eea4ab468ba45323428f,
        type: 2}
      propertyPath: m_RootOrder
      value: 2
      objectReference: {fileID: 0}
    - target: {fileID: 224794697876578274, guid: 5da87c824dd5eea4ab468ba45323428f,
        type: 2}
      propertyPath: m_AnchoredPosition.x
      value: 5.68
      objectReference: {fileID: 0}
    - target: {fileID: 224794697876578274, guid: 5da87c824dd5eea4ab468ba45323428f,
        type: 2}
      propertyPath: m_AnchoredPosition.y
      value: -1.225
      objectReference: {fileID: 0}
    - target: {fileID: 224794697876578274, guid: 5da87c824dd5eea4ab468ba45323428f,
        type: 2}
      propertyPath: m_SizeDelta.x
      value: 1
      objectReference: {fileID: 0}
    - target: {fileID: 224794697876578274, guid: 5da87c824dd5eea4ab468ba45323428f,
        type: 2}
      propertyPath: m_SizeDelta.y
      value: 1
      objectReference: {fileID: 0}
    - target: {fileID: 224794697876578274, guid: 5da87c824dd5eea4ab468ba45323428f,
        type: 2}
      propertyPath: m_AnchorMin.x
      value: 0
      objectReference: {fileID: 0}
    - target: {fileID: 224794697876578274, guid: 5da87c824dd5eea4ab468ba45323428f,
        type: 2}
      propertyPath: m_AnchorMin.y
      value: 1
      objectReference: {fileID: 0}
    - target: {fileID: 224794697876578274, guid: 5da87c824dd5eea4ab468ba45323428f,
        type: 2}
      propertyPath: m_AnchorMax.x
      value: 0
      objectReference: {fileID: 0}
    - target: {fileID: 224794697876578274, guid: 5da87c824dd5eea4ab468ba45323428f,
        type: 2}
      propertyPath: m_AnchorMax.y
      value: 1
      objectReference: {fileID: 0}
    - target: {fileID: 224794697876578274, guid: 5da87c824dd5eea4ab468ba45323428f,
        type: 2}
      propertyPath: m_Pivot.x
      value: 0.5
      objectReference: {fileID: 0}
    - target: {fileID: 224794697876578274, guid: 5da87c824dd5eea4ab468ba45323428f,
        type: 2}
      propertyPath: m_Pivot.y
      value: 0.5
      objectReference: {fileID: 0}
    - target: {fileID: 1359768120964042, guid: 5da87c824dd5eea4ab468ba45323428f, type: 2}
      propertyPath: m_Name
      value: ep1_MechanismSlot3
      objectReference: {fileID: 0}
    - target: {fileID: 114401605119422056, guid: 5da87c824dd5eea4ab468ba45323428f,
        type: 2}
      propertyPath: slotNumber
      value: 3
      objectReference: {fileID: 0}
    - target: {fileID: 114134711800284010, guid: 5da87c824dd5eea4ab468ba45323428f,
        type: 2}
      propertyPath: dependentGears.Array.data[0]
      value: 
      objectReference: {fileID: 228456539}
    m_RemovedComponents: []
  m_ParentPrefab: {fileID: 100100000, guid: 5da87c824dd5eea4ab468ba45323428f, type: 2}
  m_IsPrefabParent: 0
--- !u!114 &1889005816 stripped
MonoBehaviour:
  m_PrefabParentObject: {fileID: 114134711800284010, guid: 5da87c824dd5eea4ab468ba45323428f,
    type: 2}
  m_PrefabInternal: {fileID: 1677609729}
  m_Script: {fileID: 11500000, guid: 5e6077bf702eba04bb4cf9bcf39ecc64, type: 3}
--- !u!114 &2016311524 stripped
MonoBehaviour:
  m_PrefabParentObject: {fileID: 114134711800284010, guid: 5da87c824dd5eea4ab468ba45323428f,
    type: 2}
  m_PrefabInternal: {fileID: 1837728201}
  m_Script: {fileID: 11500000, guid: 5e6077bf702eba04bb4cf9bcf39ecc64, type: 3}
--- !u!114 &2017838310 stripped
MonoBehaviour:
  m_PrefabParentObject: {fileID: 114134711800284010, guid: 5da87c824dd5eea4ab468ba45323428f,
    type: 2}
  m_PrefabInternal: {fileID: 566933600}
  m_Script: {fileID: 11500000, guid: 5e6077bf702eba04bb4cf9bcf39ecc64, type: 3}
--- !u!224 &2018790327 stripped
RectTransform:
  m_PrefabParentObject: {fileID: 224794697876578274, guid: 5da87c824dd5eea4ab468ba45323428f,
    type: 2}
  m_PrefabInternal: {fileID: 1424465955}
--- !u!114 &2018790328 stripped
MonoBehaviour:
  m_PrefabParentObject: {fileID: 114401605119422056, guid: 5da87c824dd5eea4ab468ba45323428f,
    type: 2}
  m_PrefabInternal: {fileID: 1424465955}
  m_Script: {fileID: 11500000, guid: 625b1530ea10adf409f7d1f3984175db, type: 3}
--- !u!1001 &2045619268
Prefab:
  m_ObjectHideFlags: 0
  serializedVersion: 2
  m_Modification:
    m_TransformParent: {fileID: 1827421533}
    m_Modifications:
    - target: {fileID: 224363007970115428, guid: 7db74c630e1c28746892637191e44e71,
        type: 2}
      propertyPath: m_LocalPosition.x
      value: 0
      objectReference: {fileID: 0}
    - target: {fileID: 224363007970115428, guid: 7db74c630e1c28746892637191e44e71,
        type: 2}
      propertyPath: m_LocalPosition.y
      value: 0
      objectReference: {fileID: 0}
    - target: {fileID: 224363007970115428, guid: 7db74c630e1c28746892637191e44e71,
        type: 2}
      propertyPath: m_LocalPosition.z
      value: 0
      objectReference: {fileID: 0}
    - target: {fileID: 224363007970115428, guid: 7db74c630e1c28746892637191e44e71,
        type: 2}
      propertyPath: m_LocalRotation.x
      value: -0
      objectReference: {fileID: 0}
    - target: {fileID: 224363007970115428, guid: 7db74c630e1c28746892637191e44e71,
        type: 2}
      propertyPath: m_LocalRotation.y
      value: -0
      objectReference: {fileID: 0}
    - target: {fileID: 224363007970115428, guid: 7db74c630e1c28746892637191e44e71,
        type: 2}
      propertyPath: m_LocalRotation.z
      value: -0
      objectReference: {fileID: 0}
    - target: {fileID: 224363007970115428, guid: 7db74c630e1c28746892637191e44e71,
        type: 2}
      propertyPath: m_LocalRotation.w
      value: 1
      objectReference: {fileID: 0}
    - target: {fileID: 224363007970115428, guid: 7db74c630e1c28746892637191e44e71,
        type: 2}
      propertyPath: m_RootOrder
      value: 0
      objectReference: {fileID: 0}
    - target: {fileID: 224363007970115428, guid: 7db74c630e1c28746892637191e44e71,
        type: 2}
      propertyPath: m_AnchoredPosition.x
      value: 0.742
      objectReference: {fileID: 0}
    - target: {fileID: 224363007970115428, guid: 7db74c630e1c28746892637191e44e71,
        type: 2}
      propertyPath: m_AnchoredPosition.y
      value: -0.7366667
      objectReference: {fileID: 0}
    - target: {fileID: 224363007970115428, guid: 7db74c630e1c28746892637191e44e71,
        type: 2}
      propertyPath: m_SizeDelta.x
      value: 1
      objectReference: {fileID: 0}
    - target: {fileID: 224363007970115428, guid: 7db74c630e1c28746892637191e44e71,
        type: 2}
      propertyPath: m_SizeDelta.y
      value: 1
      objectReference: {fileID: 0}
    - target: {fileID: 224363007970115428, guid: 7db74c630e1c28746892637191e44e71,
        type: 2}
      propertyPath: m_AnchorMin.x
      value: 0
      objectReference: {fileID: 0}
    - target: {fileID: 224363007970115428, guid: 7db74c630e1c28746892637191e44e71,
        type: 2}
      propertyPath: m_AnchorMin.y
      value: 1
      objectReference: {fileID: 0}
    - target: {fileID: 224363007970115428, guid: 7db74c630e1c28746892637191e44e71,
        type: 2}
      propertyPath: m_AnchorMax.x
      value: 0
      objectReference: {fileID: 0}
    - target: {fileID: 224363007970115428, guid: 7db74c630e1c28746892637191e44e71,
        type: 2}
      propertyPath: m_AnchorMax.y
      value: 1
      objectReference: {fileID: 0}
    - target: {fileID: 224363007970115428, guid: 7db74c630e1c28746892637191e44e71,
        type: 2}
      propertyPath: m_Pivot.x
      value: 0.5
      objectReference: {fileID: 0}
    - target: {fileID: 224363007970115428, guid: 7db74c630e1c28746892637191e44e71,
        type: 2}
      propertyPath: m_Pivot.y
      value: 0.5
      objectReference: {fileID: 0}
    - target: {fileID: 224772588177562770, guid: 7db74c630e1c28746892637191e44e71,
        type: 2}
      propertyPath: m_AnchorMin.y
      value: 1
      objectReference: {fileID: 0}
    - target: {fileID: 224772588177562770, guid: 7db74c630e1c28746892637191e44e71,
        type: 2}
      propertyPath: m_AnchorMax.y
      value: 1
      objectReference: {fileID: 0}
    - target: {fileID: 224772588177562770, guid: 7db74c630e1c28746892637191e44e71,
        type: 2}
      propertyPath: m_AnchoredPosition.x
      value: 0.5
      objectReference: {fileID: 0}
    - target: {fileID: 224772588177562770, guid: 7db74c630e1c28746892637191e44e71,
        type: 2}
      propertyPath: m_AnchoredPosition.y
      value: -0.5
      objectReference: {fileID: 0}
    - target: {fileID: 224772588177562770, guid: 7db74c630e1c28746892637191e44e71,
        type: 2}
      propertyPath: m_SizeDelta.x
      value: 1
      objectReference: {fileID: 0}
    - target: {fileID: 224772588177562770, guid: 7db74c630e1c28746892637191e44e71,
        type: 2}
      propertyPath: m_SizeDelta.y
      value: 1
      objectReference: {fileID: 0}
    m_RemovedComponents: []
  m_ParentPrefab: {fileID: 100100000, guid: 7db74c630e1c28746892637191e44e71, type: 2}
  m_IsPrefabParent: 0
