%YAML 1.1
%TAG !u! tag:unity3d.com,2011:
--- !u!1001 &100100000
Prefab:
  m_ObjectHideFlags: 1
  serializedVersion: 2
  m_Modification:
    m_TransformParent: {fileID: 0}
    m_Modifications: []
    m_RemovedComponents: []
  m_ParentPrefab: {fileID: 0}
  m_RootGameObject: {fileID: 1959666909101044}
  m_IsPrefabParent: 1
--- !u!1 &1959666909101044
GameObject:
  m_ObjectHideFlags: 0
  m_PrefabParentObject: {fileID: 0}
  m_PrefabInternal: {fileID: 100100000}
  serializedVersion: 5
  m_Component:
  - component: {fileID: 4283830556225848}
  - component: {fileID: 212187263794450764}
  - component: {fileID: 68441495203333690}
  m_Layer: 0
  m_Name: palm2 1
  m_TagString: Untagged
  m_Icon: {fileID: 0}
  m_NavMeshLayer: 0
  m_StaticEditorFlags: 0
  m_IsActive: 1
--- !u!4 &4283830556225848
Transform:
  m_ObjectHideFlags: 1
  m_PrefabParentObject: {fileID: 0}
  m_PrefabInternal: {fileID: 100100000}
  m_GameObject: {fileID: 1959666909101044}
  m_LocalRotation: {x: 0, y: 0, z: 0, w: 1}
  m_LocalPosition: {x: 57.47, y: -45.67, z: 0}
  m_LocalScale: {x: 1, y: 1, z: 1}
  m_Children: []
  m_Father: {fileID: 0}
  m_RootOrder: 0
  m_LocalEulerAnglesHint: {x: 0, y: 0, z: 0}
--- !u!68 &68441495203333690
EdgeCollider2D:
  m_ObjectHideFlags: 1
  m_PrefabParentObject: {fileID: 0}
  m_PrefabInternal: {fileID: 100100000}
  m_GameObject: {fileID: 1959666909101044}
  m_Enabled: 1
  m_Density: 1
  m_Material: {fileID: 0}
  m_IsTrigger: 0
  m_UsedByEffector: 0
  m_UsedByComposite: 0
  m_Offset: {x: 0, y: 0}
  m_EdgeRadius: 0
  m_Points:
  - {x: -0.27502823, y: -0.47241974}
  - {x: -0.4217434, y: 0.7387924}
  - {x: -1.2388039, y: -0.8708725}
  - {x: -1.7767582, y: -0.49918365}
  - {x: -1.6976128, y: 0.3799286}
  - {x: -1.3653908, y: 1.1767044}
  - {x: -2.0948162, y: 0.7843933}
  - {x: -2.6146088, y: 1.0465317}
  - {x: -2.3810158, y: 1.7150192}
  - {x: -1.3783855, y: 2.224121}
  - {x: -0.9328766, y: 2.1549149}
  - {x: -1.8438282, y: 2.978157}
  - {x: -1.1330128, y: 3.3340225}
  - {x: -0.45738983, y: 3.0213394}
  - {x: -0.07542992, y: 2.3784027}
  - {x: 0.0003604889, y: 2.0365143}
  - {x: 0.7202282, y: 2.3943863}
  - {x: 1.8235855, y: 2.4791718}
  - {x: 2.4646873, y: 1.9781342}
  - {x: 2.5033264, y: 1.4971161}
  - {x: 1.1555214, y: 1.032814}
  - {x: 0.6524925, y: 1.0244522}
  - {x: 1.1801243, y: 0.38088226}
  - {x: 0.97587395, y: -0.83249664}
  - {x: 0.51148796, y: -1.6184616}
  - {x: 0.94044113, y: -2.297226}
  - {x: 1.0516281, y: -2.4409828}
  - {x: 0.46121597, y: -2.3063316}
  - {x: 0.1152153, y: -2.3497047}
  - {x: -0.06283569, y: -2.0753937}
  - {x: -0.2552395, y: -0.55918884}
--- !u!212 &212187263794450764
SpriteRenderer:
  m_ObjectHideFlags: 1
  m_PrefabParentObject: {fileID: 0}
  m_PrefabInternal: {fileID: 100100000}
  m_GameObject: {fileID: 1959666909101044}
  m_Enabled: 1
  m_CastShadows: 0
  m_ReceiveShadows: 0
  m_DynamicOccludee: 1
  m_MotionVectors: 1
  m_LightProbeUsage: 1
  m_ReflectionProbeUsage: 1
  m_Materials:
  - {fileID: 10754, guid: 0000000000000000f000000000000000, type: 0}
  m_StaticBatchInfo:
    firstSubMesh: 0
    subMeshCount: 0
  m_StaticBatchRoot: {fileID: 0}
  m_ProbeAnchor: {fileID: 0}
  m_LightProbeVolumeOverride: {fileID: 0}
  m_ScaleInLightmap: 1
  m_PreserveUVs: 0
  m_IgnoreNormalsForChartDetection: 0
  m_ImportantGI: 0
  m_StitchLightmapSeams: 0
  m_SelectedEditorRenderState: 0
  m_MinimumChartSize: 4
  m_AutoUVMaxDistance: 0.5
  m_AutoUVMaxAngle: 89
  m_LightmapParameters: {fileID: 0}
  m_SortingLayerID: -963919319
  m_SortingLayer: 2
  m_SortingOrder: 0
  m_Sprite: {fileID: 21300000, guid: 9e9196c4b4176fc44856a05b3579066a, type: 3}
  m_Color: {r: 1, g: 1, b: 1, a: 1}
  m_FlipX: 0
  m_FlipY: 0
  m_DrawMode: 0
  m_Size: {x: 5.12, y: 7.68}
  m_AdaptiveModeThreshold: 0.5
  m_SpriteTileMode: 0
  m_WasSpriteAssigned: 1
  m_MaskInteraction: 0
