%YAML 1.1
%TAG !u! tag:unity3d.com,2011:
--- !u!1001 &100100000
Prefab:
  m_ObjectHideFlags: 1
  serializedVersion: 2
  m_Modification:
    m_TransformParent: {fileID: 0}
    m_Modifications: []
    m_RemovedComponents: []
  m_ParentPrefab: {fileID: 0}
  m_RootGameObject: {fileID: 1477428187423826}
  m_IsPrefabParent: 1
--- !u!1 &1477428187423826
GameObject:
  m_ObjectHideFlags: 0
  m_PrefabParentObject: {fileID: 0}
  m_PrefabInternal: {fileID: 100100000}
  serializedVersion: 5
  m_Component:
  - component: {fileID: 4999686373938126}
  - component: {fileID: 212405473589567644}
  - component: {fileID: 68118363054831094}
  m_Layer: 0
  m_Name: palm3 1
  m_TagString: Untagged
  m_Icon: {fileID: 0}
  m_NavMeshLayer: 0
  m_StaticEditorFlags: 0
  m_IsActive: 1
--- !u!4 &4999686373938126
Transform:
  m_ObjectHideFlags: 1
  m_PrefabParentObject: {fileID: 0}
  m_PrefabInternal: {fileID: 100100000}
  m_GameObject: {fileID: 1477428187423826}
  m_LocalRotation: {x: 0, y: 0, z: 0, w: 1}
  m_LocalPosition: {x: 64.13497, y: -56.229572, z: 0}
  m_LocalScale: {x: 1, y: 1, z: 1}
  m_Children: []
  m_Father: {fileID: 0}
  m_RootOrder: 0
  m_LocalEulerAnglesHint: {x: 0, y: 0, z: 0}
--- !u!68 &68118363054831094
EdgeCollider2D:
  m_ObjectHideFlags: 1
  m_PrefabParentObject: {fileID: 0}
  m_PrefabInternal: {fileID: 100100000}
  m_GameObject: {fileID: 1477428187423826}
  m_Enabled: 1
  m_Density: 1
  m_Material: {fileID: 0}
  m_IsTrigger: 0
  m_UsedByEffector: 0
  m_UsedByComposite: 0
  m_Offset: {x: 0, y: 0}
  m_EdgeRadius: 0
  m_Points:
  - {x: 1.7685776, y: 1.9714317}
  - {x: 0.7784271, y: 2.4498825}
  - {x: 2.3642578, y: 3.4301224}
  - {x: 1.3512878, y: 3.3839607}
  - {x: 0.6264038, y: 2.9783669}
  - {x: 0.14190674, y: 3.424984}
  - {x: -0.15428162, y: 2.6990318}
  - {x: -0.8186569, y: 3.3778877}
  - {x: -2.0722694, y: 3.418541}
  - {x: -1.5856628, y: 2.854004}
  - {x: -2.4016304, y: 2.034523}
  - {x: -1.8071632, y: 1.9089279}
  - {x: -2.5050125, y: 1.3028107}
  - {x: -2.1721382, y: 0.036640167}
  - {x: -1.1885262, y: 0.91073227}
  - {x: -1.088398, y: -0.51501846}
  - {x: -0.13204956, y: 0.52760696}
  - {x: -0.10411835, y: -2.3820229}
  - {x: 0.364563, y: -2.4857178}
  - {x: 0.33093262, y: 0.7678757}
  - {x: 0.8439636, y: -0.77053833}
  - {x: 1.7891693, y: 0.95009995}
  - {x: 1.9443436, y: 1.4360771}
  - {x: 1.7028503, y: 1.9714279}
--- !u!212 &212405473589567644
SpriteRenderer:
  m_ObjectHideFlags: 1
  m_PrefabParentObject: {fileID: 0}
  m_PrefabInternal: {fileID: 100100000}
  m_GameObject: {fileID: 1477428187423826}
  m_Enabled: 1
  m_CastShadows: 0
  m_ReceiveShadows: 0
  m_DynamicOccludee: 1
  m_MotionVectors: 1
  m_LightProbeUsage: 1
  m_ReflectionProbeUsage: 1
  m_Materials:
  - {fileID: 10754, guid: 0000000000000000f000000000000000, type: 0}
  m_StaticBatchInfo:
    firstSubMesh: 0
    subMeshCount: 0
  m_StaticBatchRoot: {fileID: 0}
  m_ProbeAnchor: {fileID: 0}
  m_LightProbeVolumeOverride: {fileID: 0}
  m_ScaleInLightmap: 1
  m_PreserveUVs: 0
  m_IgnoreNormalsForChartDetection: 0
  m_ImportantGI: 0
  m_StitchLightmapSeams: 0
  m_SelectedEditorRenderState: 0
  m_MinimumChartSize: 4
  m_AutoUVMaxDistance: 0.5
  m_AutoUVMaxAngle: 89
  m_LightmapParameters: {fileID: 0}
  m_SortingLayerID: -963919319
  m_SortingLayer: 2
  m_SortingOrder: 0
  m_Sprite: {fileID: 21300000, guid: ca584d9a449561849be539cb3820928f, type: 3}
  m_Color: {r: 1, g: 1, b: 1, a: 1}
  m_FlipX: 0
  m_FlipY: 0
  m_DrawMode: 0
  m_Size: {x: 5.12, y: 7.68}
  m_AdaptiveModeThreshold: 0.5
  m_SpriteTileMode: 0
  m_WasSpriteAssigned: 1
  m_MaskInteraction: 0
