%YAML 1.1
%TAG !u! tag:unity3d.com,2011:
--- !u!1001 &100100000
Prefab:
  m_ObjectHideFlags: 1
  serializedVersion: 2
  m_Modification:
    m_TransformParent: {fileID: 0}
    m_Modifications: []
    m_RemovedComponents: []
  m_ParentPrefab: {fileID: 0}
  m_RootGameObject: {fileID: 1369549364999032}
  m_IsPrefabParent: 1
--- !u!1 &1003899545839654
GameObject:
  m_ObjectHideFlags: 0
  m_PrefabParentObject: {fileID: 0}
  m_PrefabInternal: {fileID: 100100000}
  serializedVersion: 5
  m_Component:
  - component: {fileID: 4911955211417642}
  m_Layer: 0
  m_Name: ep4_player_BONES
  m_TagString: Untagged
  m_Icon: {fileID: 0}
  m_NavMeshLayer: 0
  m_StaticEditorFlags: 0
  m_IsActive: 1
--- !u!1 &1069338840460988
GameObject:
  m_ObjectHideFlags: 1
  m_PrefabParentObject: {fileID: 0}
  m_PrefabInternal: {fileID: 100100000}
  serializedVersion: 5
  m_Component:
  - component: {fileID: 4147977523186848}
  - component: {fileID: 114776480484878334}
  m_Layer: 0
  m_Name: ep4_player_LEG02.L_bone
  m_TagString: Untagged
  m_Icon: {fileID: 0}
  m_NavMeshLayer: 0
  m_StaticEditorFlags: 0
  m_IsActive: 1
--- !u!1 &1096416675953512
GameObject:
  m_ObjectHideFlags: 1
  m_PrefabParentObject: {fileID: 0}
  m_PrefabInternal: {fileID: 100100000}
  serializedVersion: 5
  m_Component:
  - component: {fileID: 4118796514994052}
  - component: {fileID: 114837980111292390}
  m_Layer: 0
  m_Name: ep4_player_HIP.L_bone
  m_TagString: Untagged
  m_Icon: {fileID: 0}
  m_NavMeshLayer: 0
  m_StaticEditorFlags: 0
  m_IsActive: 1
--- !u!1 &1110592668267962
GameObject:
  m_ObjectHideFlags: 1
  m_PrefabParentObject: {fileID: 0}
  m_PrefabInternal: {fileID: 100100000}
  serializedVersion: 5
  m_Component:
  - component: {fileID: 4065649820715774}
  - component: {fileID: 114668632687979204}
  m_Layer: 0
  m_Name: ep4_player_LEG0.L_IK
  m_TagString: Untagged
  m_Icon: {fileID: 0}
  m_NavMeshLayer: 0
  m_StaticEditorFlags: 0
  m_IsActive: 1
--- !u!1 &1209905477733124
GameObject:
  m_ObjectHideFlags: 0
  m_PrefabParentObject: {fileID: 0}
  m_PrefabInternal: {fileID: 100100000}
  serializedVersion: 5
  m_Component:
  - component: {fileID: 4783800774579532}
  - component: {fileID: 114515264864327450}
  - component: {fileID: 137469219108539266}
  m_Layer: 0
  m_Name: ep4_player_body_3-4_spritesheet_4
  m_TagString: Untagged
  m_Icon: {fileID: 0}
  m_NavMeshLayer: 0
  m_StaticEditorFlags: 0
  m_IsActive: 1
--- !u!1 &1247460970039322
GameObject:
  m_ObjectHideFlags: 1
  m_PrefabParentObject: {fileID: 0}
  m_PrefabInternal: {fileID: 100100000}
  serializedVersion: 5
  m_Component:
  - component: {fileID: 4971590351509446}
  - component: {fileID: 114896537581147848}
  m_Layer: 0
  m_Name: ep4_player_FOOT.L_IK
  m_TagString: Untagged
  m_Icon: {fileID: 0}
  m_NavMeshLayer: 0
  m_StaticEditorFlags: 0
  m_IsActive: 1
--- !u!1 &1255932240772524
GameObject:
  m_ObjectHideFlags: 1
  m_PrefabParentObject: {fileID: 0}
  m_PrefabInternal: {fileID: 100100000}
  serializedVersion: 5
  m_Component:
  - component: {fileID: 4931253182886850}
  - component: {fileID: 114859466019688494}
  m_Layer: 0
  m_Name: ep4_player_Hand02.L_bone
  m_TagString: Untagged
  m_Icon: {fileID: 0}
  m_NavMeshLayer: 0
  m_StaticEditorFlags: 0
  m_IsActive: 1
--- !u!1 &1264863935612890
GameObject:
  m_ObjectHideFlags: 0
  m_PrefabParentObject: {fileID: 0}
  m_PrefabInternal: {fileID: 100100000}
  serializedVersion: 5
  m_Component:
  - component: {fileID: 4882323709725240}
  - component: {fileID: 114881960721832788}
  - component: {fileID: 137844033951770332}
  m_Layer: 0
  m_Name: ep4_player_hand.R_3-4_spritesheet_2
  m_TagString: Untagged
  m_Icon: {fileID: 0}
  m_NavMeshLayer: 0
  m_StaticEditorFlags: 0
  m_IsActive: 1
--- !u!1 &1265335255775364
GameObject:
  m_ObjectHideFlags: 1
  m_PrefabParentObject: {fileID: 0}
  m_PrefabInternal: {fileID: 100100000}
  serializedVersion: 5
  m_Component:
  - component: {fileID: 4103613927636256}
  - component: {fileID: 114293019205909644}
  m_Layer: 0
  m_Name: ep4_player_Hand02.R_bone
  m_TagString: Untagged
  m_Icon: {fileID: 0}
  m_NavMeshLayer: 0
  m_StaticEditorFlags: 0
  m_IsActive: 1
--- !u!1 &1311166122048210
GameObject:
  m_ObjectHideFlags: 1
  m_PrefabParentObject: {fileID: 0}
  m_PrefabInternal: {fileID: 100100000}
  serializedVersion: 5
  m_Component:
  - component: {fileID: 4877119569995488}
  - component: {fileID: 114611130483055238}
  m_Layer: 0
  m_Name: ep4_player_HEAD_bone
  m_TagString: Untagged
  m_Icon: {fileID: 0}
  m_NavMeshLayer: 0
  m_StaticEditorFlags: 0
  m_IsActive: 1
--- !u!1 &1324617804033204
GameObject:
  m_ObjectHideFlags: 1
  m_PrefabParentObject: {fileID: 0}
  m_PrefabInternal: {fileID: 100100000}
  serializedVersion: 5
  m_Component:
  - component: {fileID: 4212982726910688}
  - component: {fileID: 114325461968205986}
  m_Layer: 0
  m_Name: ep4_player_Hand.L_IK
  m_TagString: Untagged
  m_Icon: {fileID: 0}
  m_NavMeshLayer: 0
  m_StaticEditorFlags: 0
  m_IsActive: 1
--- !u!1 &1369549364999032
GameObject:
  m_ObjectHideFlags: 0
  m_PrefabParentObject: {fileID: 0}
  m_PrefabInternal: {fileID: 100100000}
  serializedVersion: 5
  m_Component:
  - component: {fileID: 4507934235608512}
  - component: {fileID: 95884066675855432}
  - component: {fileID: 114844059375175798}
  - component: {fileID: 50220636263721146}
  - component: {fileID: 70348597316082424}
  - component: {fileID: 114636705064670752}
  - component: {fileID: 82303423945650332}
  - component: {fileID: 82557712107832920}
  - component: {fileID: 114257815402758670}
  m_Layer: 0
  m_Name: Player
  m_TagString: Player
  m_Icon: {fileID: 0}
  m_NavMeshLayer: 0
  m_StaticEditorFlags: 0
  m_IsActive: 1
--- !u!1 &1374677029425318
GameObject:
  m_ObjectHideFlags: 1
  m_PrefabParentObject: {fileID: 0}
  m_PrefabInternal: {fileID: 100100000}
  serializedVersion: 5
  m_Component:
  - component: {fileID: 4015571277226452}
  - component: {fileID: 114436218459500344}
  m_Layer: 0
  m_Name: ep4_player_FRINGE_IK
  m_TagString: Untagged
  m_Icon: {fileID: 0}
  m_NavMeshLayer: 0
  m_StaticEditorFlags: 0
  m_IsActive: 1
--- !u!1 &1397231259713604
GameObject:
  m_ObjectHideFlags: 1
  m_PrefabParentObject: {fileID: 0}
  m_PrefabInternal: {fileID: 100100000}
  serializedVersion: 5
  m_Component:
  - component: {fileID: 4516635485220758}
  - component: {fileID: 114451922378772858}
  m_Layer: 0
  m_Name: ep4_player_FOOT.L_bone
  m_TagString: Untagged
  m_Icon: {fileID: 0}
  m_NavMeshLayer: 0
  m_StaticEditorFlags: 0
  m_IsActive: 1
--- !u!1 &1411795730267888
GameObject:
  m_ObjectHideFlags: 1
  m_PrefabParentObject: {fileID: 0}
  m_PrefabInternal: {fileID: 100100000}
  serializedVersion: 5
  m_Component:
  - component: {fileID: 4613133776154928}
  - component: {fileID: 114545428116944742}
  m_Layer: 0
  m_Name: ep4_player_Hand01.L_bone
  m_TagString: Untagged
  m_Icon: {fileID: 0}
  m_NavMeshLayer: 0
  m_StaticEditorFlags: 0
  m_IsActive: 1
--- !u!1 &1418151391187746
GameObject:
  m_ObjectHideFlags: 1
  m_PrefabParentObject: {fileID: 0}
  m_PrefabInternal: {fileID: 100100000}
  serializedVersion: 5
  m_Component:
  - component: {fileID: 4977229749340632}
  - component: {fileID: 114721585560643680}
  m_Layer: 0
  m_Name: ep4_player_PONNY02_bone
  m_TagString: Untagged
  m_Icon: {fileID: 0}
  m_NavMeshLayer: 0
  m_StaticEditorFlags: 0
  m_IsActive: 1
--- !u!1 &1463221099528636
GameObject:
  m_ObjectHideFlags: 1
  m_PrefabParentObject: {fileID: 0}
  m_PrefabInternal: {fileID: 100100000}
  serializedVersion: 5
  m_Component:
  - component: {fileID: 4654745968524648}
  - component: {fileID: 114936708324553616}
  m_Layer: 0
  m_Name: ep4_player_FRINGE03_bone
  m_TagString: Untagged
  m_Icon: {fileID: 0}
  m_NavMeshLayer: 0
  m_StaticEditorFlags: 0
  m_IsActive: 1
--- !u!1 &1470529382676936
GameObject:
  m_ObjectHideFlags: 0
  m_PrefabParentObject: {fileID: 0}
  m_PrefabInternal: {fileID: 100100000}
  serializedVersion: 5
  m_Component:
  - component: {fileID: 4682502943587464}
  - component: {fileID: 114091649282227568}
  - component: {fileID: 137747710356269086}
  m_Layer: 0
  m_Name: ep4_player_leg.R_3-4_spritesheet_0
  m_TagString: Untagged
  m_Icon: {fileID: 0}
  m_NavMeshLayer: 0
  m_StaticEditorFlags: 0
  m_IsActive: 1
--- !u!1 &1479373348363718
GameObject:
  m_ObjectHideFlags: 1
  m_PrefabParentObject: {fileID: 0}
  m_PrefabInternal: {fileID: 100100000}
  serializedVersion: 5
  m_Component:
  - component: {fileID: 4329782827270530}
  - component: {fileID: 114872266570548410}
  m_Layer: 0
  m_Name: ep4_player_LEG01.R_bone
  m_TagString: Untagged
  m_Icon: {fileID: 0}
  m_NavMeshLayer: 0
  m_StaticEditorFlags: 0
  m_IsActive: 1
--- !u!1 &1610477393413062
GameObject:
  m_ObjectHideFlags: 1
  m_PrefabParentObject: {fileID: 0}
  m_PrefabInternal: {fileID: 100100000}
  serializedVersion: 5
  m_Component:
  - component: {fileID: 4227723616879118}
  - component: {fileID: 114055684320287068}
  m_Layer: 0
  m_Name: ep4_player_FRINGE01_bone
  m_TagString: Untagged
  m_Icon: {fileID: 0}
  m_NavMeshLayer: 0
  m_StaticEditorFlags: 0
  m_IsActive: 1
--- !u!1 &1640465845514754
GameObject:
  m_ObjectHideFlags: 0
  m_PrefabParentObject: {fileID: 0}
  m_PrefabInternal: {fileID: 100100000}
  serializedVersion: 5
  m_Component:
  - component: {fileID: 4505548707509344}
  - component: {fileID: 114674440506192638}
  - component: {fileID: 137037801774676928}
  m_Layer: 0
  m_Name: ep4_player_leg.L_3-4_spritesheet_1
  m_TagString: Untagged
  m_Icon: {fileID: 0}
  m_NavMeshLayer: 0
  m_StaticEditorFlags: 0
  m_IsActive: 1
--- !u!1 &1677525276002846
GameObject:
  m_ObjectHideFlags: 0
  m_PrefabParentObject: {fileID: 0}
  m_PrefabInternal: {fileID: 100100000}
  serializedVersion: 5
  m_Component:
  - component: {fileID: 4026726672346552}
  - component: {fileID: 114936039253872694}
  - component: {fileID: 137502989672834600}
  m_Layer: 0
  m_Name: ep4_player_hand.L_3-4_spritesheet_3
  m_TagString: Untagged
  m_Icon: {fileID: 0}
  m_NavMeshLayer: 0
  m_StaticEditorFlags: 0
  m_IsActive: 1
--- !u!1 &1722879811732344
GameObject:
  m_ObjectHideFlags: 1
  m_PrefabParentObject: {fileID: 0}
  m_PrefabInternal: {fileID: 100100000}
  serializedVersion: 5
  m_Component:
  - component: {fileID: 4770471458427042}
  - component: {fileID: 114271114258901740}
  m_Layer: 0
  m_Name: ep4_player_LEG01.L_bone
  m_TagString: Untagged
  m_Icon: {fileID: 0}
  m_NavMeshLayer: 0
  m_StaticEditorFlags: 0
  m_IsActive: 1
--- !u!1 &1760045075997398
GameObject:
  m_ObjectHideFlags: 1
  m_PrefabParentObject: {fileID: 0}
  m_PrefabInternal: {fileID: 100100000}
  serializedVersion: 5
  m_Component:
  - component: {fileID: 4389297258424144}
  - component: {fileID: 114365958359898354}
  m_Layer: 0
  m_Name: ep4_player_HIP.R_bone
  m_TagString: Untagged
  m_Icon: {fileID: 0}
  m_NavMeshLayer: 0
  m_StaticEditorFlags: 0
  m_IsActive: 1
--- !u!1 &1795941398840830
GameObject:
  m_ObjectHideFlags: 1
  m_PrefabParentObject: {fileID: 0}
  m_PrefabInternal: {fileID: 100100000}
  serializedVersion: 5
  m_Component:
  - component: {fileID: 4386471921651232}
  - component: {fileID: 114253108365218616}
  m_Layer: 0
  m_Name: ep4_player_FOOT.R_bone
  m_TagString: Untagged
  m_Icon: {fileID: 0}
  m_NavMeshLayer: 0
  m_StaticEditorFlags: 0
  m_IsActive: 1
--- !u!1 &1858109288655084
GameObject:
  m_ObjectHideFlags: 1
  m_PrefabParentObject: {fileID: 0}
  m_PrefabInternal: {fileID: 100100000}
  serializedVersion: 5
  m_Component:
  - component: {fileID: 4717493875677978}
  - component: {fileID: 114969902366920492}
  m_Layer: 0
  m_Name: ep4_player_FOOT.R_IK
  m_TagString: Untagged
  m_Icon: {fileID: 0}
  m_NavMeshLayer: 0
  m_StaticEditorFlags: 0
  m_IsActive: 1
--- !u!1 &1869826989256952
GameObject:
  m_ObjectHideFlags: 1
  m_PrefabParentObject: {fileID: 0}
  m_PrefabInternal: {fileID: 100100000}
  serializedVersion: 5
  m_Component:
  - component: {fileID: 4285578181436332}
  - component: {fileID: 114813683390292402}
  m_Layer: 0
  m_Name: ep4_player_Hand01.R_bone
  m_TagString: Untagged
  m_Icon: {fileID: 0}
  m_NavMeshLayer: 0
  m_StaticEditorFlags: 0
  m_IsActive: 1
--- !u!1 &1873331675549786
GameObject:
  m_ObjectHideFlags: 1
  m_PrefabParentObject: {fileID: 0}
  m_PrefabInternal: {fileID: 100100000}
  serializedVersion: 5
  m_Component:
  - component: {fileID: 4221211704867852}
  - component: {fileID: 114093904346218182}
  m_Layer: 0
  m_Name: ep4_player_Hand.R_IK
  m_TagString: Untagged
  m_Icon: {fileID: 0}
  m_NavMeshLayer: 0
  m_StaticEditorFlags: 0
  m_IsActive: 1
--- !u!1 &1929307521784580
GameObject:
  m_ObjectHideFlags: 1
  m_PrefabParentObject: {fileID: 0}
  m_PrefabInternal: {fileID: 100100000}
  serializedVersion: 5
  m_Component:
  - component: {fileID: 4260939840766420}
  - component: {fileID: 114259881448099524}
  m_Layer: 0
  m_Name: ep4_player_TORSO_bone
  m_TagString: Untagged
  m_Icon: {fileID: 0}
  m_NavMeshLayer: 0
  m_StaticEditorFlags: 0
  m_IsActive: 1
--- !u!1 &1937530103748946
GameObject:
  m_ObjectHideFlags: 1
  m_PrefabParentObject: {fileID: 0}
  m_PrefabInternal: {fileID: 100100000}
  serializedVersion: 5
  m_Component:
  - component: {fileID: 4625171715624692}
  - component: {fileID: 114010969973866820}
  m_Layer: 0
  m_Name: ep4_player_PONNY01_bone
  m_TagString: Untagged
  m_Icon: {fileID: 0}
  m_NavMeshLayer: 0
  m_StaticEditorFlags: 0
  m_IsActive: 1
--- !u!1 &1937970376044940
GameObject:
  m_ObjectHideFlags: 1
  m_PrefabParentObject: {fileID: 0}
  m_PrefabInternal: {fileID: 100100000}
  serializedVersion: 5
  m_Component:
  - component: {fileID: 4416742907193496}
  - component: {fileID: 114918525453285934}
  m_Layer: 0
  m_Name: ep4_player_LEG02.R_bone
  m_TagString: Untagged
  m_Icon: {fileID: 0}
  m_NavMeshLayer: 0
  m_StaticEditorFlags: 0
  m_IsActive: 1
--- !u!1 &1960466682829216
GameObject:
  m_ObjectHideFlags: 1
  m_PrefabParentObject: {fileID: 0}
  m_PrefabInternal: {fileID: 100100000}
  serializedVersion: 5
  m_Component:
  - component: {fileID: 4900644771355188}
  - component: {fileID: 114268950580413244}
  m_Layer: 0
  m_Name: ep4_player_ROOT_bone
  m_TagString: Untagged
  m_Icon: {fileID: 0}
  m_NavMeshLayer: 0
  m_StaticEditorFlags: 0
  m_IsActive: 1
--- !u!1 &1989311757289286
GameObject:
  m_ObjectHideFlags: 1
  m_PrefabParentObject: {fileID: 0}
  m_PrefabInternal: {fileID: 100100000}
  serializedVersion: 5
  m_Component:
  - component: {fileID: 4784174695638610}
  - component: {fileID: 114621146469148998}
  m_Layer: 0
  m_Name: ep4_player_LEG0.R_IK
  m_TagString: Untagged
  m_Icon: {fileID: 0}
  m_NavMeshLayer: 0
  m_StaticEditorFlags: 0
  m_IsActive: 1
--- !u!1 &1989857526573896
GameObject:
  m_ObjectHideFlags: 1
  m_PrefabParentObject: {fileID: 0}
  m_PrefabInternal: {fileID: 100100000}
  serializedVersion: 5
  m_Component:
  - component: {fileID: 4548653869391390}
  - component: {fileID: 114897403051030626}
  m_Layer: 0
  m_Name: ep4_player_FRINGE02_bone
  m_TagString: Untagged
  m_Icon: {fileID: 0}
  m_NavMeshLayer: 0
  m_StaticEditorFlags: 0
  m_IsActive: 1
--- !u!4 &4015571277226452
Transform:
  m_ObjectHideFlags: 1
  m_PrefabParentObject: {fileID: 0}
  m_PrefabInternal: {fileID: 100100000}
  m_GameObject: {fileID: 1374677029425318}
  m_LocalRotation: {x: -0, y: -0, z: -0.6597518, w: 0.7514837}
  m_LocalPosition: {x: 0.60928994, y: -0.20494427, z: 0}
  m_LocalScale: {x: 1, y: 1, z: 1}
  m_Children: []
  m_Father: {fileID: 4877119569995488}
  m_RootOrder: 2
  m_LocalEulerAnglesHint: {x: 0, y: 0, z: 0}
--- !u!4 &4026726672346552
Transform:
  m_ObjectHideFlags: 1
  m_PrefabParentObject: {fileID: 0}
  m_PrefabInternal: {fileID: 100100000}
  m_GameObject: {fileID: 1677525276002846}
  m_LocalRotation: {x: -0, y: -0, z: 0.21661408, w: 0.9762573}
  m_LocalPosition: {x: 0.26, y: -3.073, z: 0.041035}
  m_LocalScale: {x: 0.15, y: 0.15, z: 0.15}
  m_Children: []
  m_Father: {fileID: 4507934235608512}
  m_RootOrder: 1
  m_LocalEulerAnglesHint: {x: 0, y: 0, z: 25.02}
--- !u!4 &4065649820715774
Transform:
  m_ObjectHideFlags: 1
  m_PrefabParentObject: {fileID: 0}
  m_PrefabInternal: {fileID: 100100000}
  m_GameObject: {fileID: 1110592668267962}
  m_LocalRotation: {x: -0, y: -0, z: 0.23571071, w: -0.97182333}
  m_LocalPosition: {x: 0.243, y: -4.234, z: 0}
  m_LocalScale: {x: 1, y: 1, z: 1}
  m_Children:
  - {fileID: 4971590351509446}
  m_Father: {fileID: 4911955211417642}
  m_RootOrder: 2
  m_LocalEulerAnglesHint: {x: 0, y: 0, z: 0}
--- !u!4 &4103613927636256
Transform:
  m_ObjectHideFlags: 1
  m_PrefabParentObject: {fileID: 0}
  m_PrefabInternal: {fileID: 100100000}
  m_GameObject: {fileID: 1265335255775364}
  m_LocalRotation: {x: 0, y: 0, z: 0.08715256, w: 0.99619496}
  m_LocalPosition: {x: 0.4176209, y: -0.00000011920929, z: 0}
  m_LocalScale: {x: 1, y: 1, z: 1}
  m_Children: []
  m_Father: {fileID: 4285578181436332}
  m_RootOrder: 0
  m_LocalEulerAnglesHint: {x: 0, y: 0, z: 10}
--- !u!4 &4118796514994052
Transform:
  m_ObjectHideFlags: 1
  m_PrefabParentObject: {fileID: 0}
  m_PrefabInternal: {fileID: 100100000}
  m_GameObject: {fileID: 1096416675953512}
  m_LocalRotation: {x: 0, y: 0, z: -0.6026246, w: 0.79802483}
  m_LocalPosition: {x: 0.020997122, y: -0.0018479247, z: 0}
  m_LocalScale: {x: 1, y: 1, z: 1}
  m_Children: []
  m_Father: {fileID: 4900644771355188}
  m_RootOrder: 4
  m_LocalEulerAnglesHint: {x: 0, y: 0, z: -74.116005}
--- !u!4 &4147977523186848
Transform:
  m_ObjectHideFlags: 1
  m_PrefabParentObject: {fileID: 0}
  m_PrefabInternal: {fileID: 100100000}
  m_GameObject: {fileID: 1069338840460988}
  m_LocalRotation: {x: 0, y: 0, z: 0, w: 1}
  m_LocalPosition: {x: 0.5000003, y: -0.00000006146729, z: 0}
  m_LocalScale: {x: 1, y: 1, z: 1}
  m_Children:
  - {fileID: 4516635485220758}
  m_Father: {fileID: 4770471458427042}
  m_RootOrder: 0
  m_LocalEulerAnglesHint: {x: 0, y: 0, z: 0}
--- !u!4 &4212982726910688
Transform:
  m_ObjectHideFlags: 1
  m_PrefabParentObject: {fileID: 0}
  m_PrefabInternal: {fileID: 100100000}
  m_GameObject: {fileID: 1324617804033204}
  m_LocalRotation: {x: -0, y: -0, z: -0.710044, w: 0.70415735}
  m_LocalPosition: {x: -0.699, y: -0.187, z: 0}
  m_LocalScale: {x: 1, y: 1, z: 1}
  m_Children: []
  m_Father: {fileID: 4260939840766420}
  m_RootOrder: 4
  m_LocalEulerAnglesHint: {x: 0, y: 0, z: 0}
--- !u!4 &4221211704867852
Transform:
  m_ObjectHideFlags: 1
  m_PrefabParentObject: {fileID: 0}
  m_PrefabInternal: {fileID: 100100000}
  m_GameObject: {fileID: 1873331675549786}
  m_LocalRotation: {x: -0, y: -0, z: -0.710044, w: 0.70415735}
  m_LocalPosition: {x: -0.669, y: 0.157, z: 0}
  m_LocalScale: {x: 1.0000001, y: 1.0000001, z: 1}
  m_Children: []
  m_Father: {fileID: 4260939840766420}
  m_RootOrder: 3
  m_LocalEulerAnglesHint: {x: 0, y: 0, z: 0}
--- !u!4 &4227723616879118
Transform:
  m_ObjectHideFlags: 1
  m_PrefabParentObject: {fileID: 0}
  m_PrefabInternal: {fileID: 100100000}
  m_GameObject: {fileID: 1610477393413062}
  m_LocalRotation: {x: 0, y: 0, z: -0.73694247, w: 0.6759555}
  m_LocalPosition: {x: 0.4916034, y: -0.13618025, z: 0}
  m_LocalScale: {x: 1, y: 1, z: 1}
  m_Children:
  - {fileID: 4548653869391390}
  m_Father: {fileID: 4877119569995488}
  m_RootOrder: 0
  m_LocalEulerAnglesHint: {x: 0, y: 0, z: -94.943}
--- !u!4 &4260939840766420
Transform:
  m_ObjectHideFlags: 1
  m_PrefabParentObject: {fileID: 0}
  m_PrefabInternal: {fileID: 100100000}
  m_GameObject: {fileID: 1929307521784580}
  m_LocalRotation: {x: 0, y: 0, z: -0.017007416, w: 0.9998554}
  m_LocalPosition: {x: 0.34343693, y: 0, z: 0}
  m_LocalScale: {x: 1, y: 1, z: 1}
  m_Children:
  - {fileID: 4877119569995488}
  - {fileID: 4285578181436332}
  - {fileID: 4613133776154928}
  - {fileID: 4221211704867852}
  - {fileID: 4212982726910688}
  m_Father: {fileID: 4900644771355188}
  m_RootOrder: 0
  m_LocalEulerAnglesHint: {x: 0, y: 0, z: -3.597824}
--- !u!4 &4285578181436332
Transform:
  m_ObjectHideFlags: 1
  m_PrefabParentObject: {fileID: 0}
  m_PrefabInternal: {fileID: 100100000}
  m_GameObject: {fileID: 1869826989256952}
  m_LocalRotation: {x: 0, y: 0, z: -0.99997276, w: -0.0073834425}
  m_LocalPosition: {x: 0.2520874, y: 0.23196529, z: 0}
  m_LocalScale: {x: 1, y: 1, z: 1}
  m_Children:
  - {fileID: 4103613927636256}
  m_Father: {fileID: 4260939840766420}
  m_RootOrder: 1
  m_LocalEulerAnglesHint: {x: 0, y: 0, z: -180.846}
--- !u!4 &4329782827270530
Transform:
  m_ObjectHideFlags: 1
  m_PrefabParentObject: {fileID: 0}
  m_PrefabInternal: {fileID: 100100000}
  m_GameObject: {fileID: 1479373348363718}
  m_LocalRotation: {x: 0, y: 0, z: 0.99946195, w: 0.03279916}
  m_LocalPosition: {x: -0.065193266, y: 0.12271677, z: 0}
  m_LocalScale: {x: 1, y: 1, z: 1}
  m_Children:
  - {fileID: 4416742907193496}
  m_Father: {fileID: 4900644771355188}
  m_RootOrder: 1
  m_LocalEulerAnglesHint: {x: 0, y: 0, z: 176.24101}
--- !u!4 &4386471921651232
Transform:
  m_ObjectHideFlags: 1
  m_PrefabParentObject: {fileID: 0}
  m_PrefabInternal: {fileID: 100100000}
  m_GameObject: {fileID: 1795941398840830}
  m_LocalRotation: {x: 0, y: 0, z: 0.6438762, w: 0.7651297}
  m_LocalPosition: {x: 0.5100005, y: -7.566996e-10, z: 0}
  m_LocalScale: {x: 1, y: 1, z: 1}
  m_Children: []
  m_Father: {fileID: 4416742907193496}
  m_RootOrder: 0
  m_LocalEulerAnglesHint: {x: 0, y: 0, z: -279.837}
--- !u!4 &4389297258424144
Transform:
  m_ObjectHideFlags: 1
  m_PrefabParentObject: {fileID: 0}
  m_PrefabInternal: {fileID: 100100000}
  m_GameObject: {fileID: 1760045075997398}
  m_LocalRotation: {x: 0, y: 0, z: 0.63648736, w: 0.7712872}
  m_LocalPosition: {x: -0.0015530763, y: 0.044236504, z: 0}
  m_LocalScale: {x: 1, y: 1, z: 1}
  m_Children: []
  m_Father: {fileID: 4900644771355188}
  m_RootOrder: 3
  m_LocalEulerAnglesHint: {x: 0, y: 0, z: 79.061005}
--- !u!4 &4416742907193496
Transform:
  m_ObjectHideFlags: 1
  m_PrefabParentObject: {fileID: 0}
  m_PrefabInternal: {fileID: 100100000}
  m_GameObject: {fileID: 1937970376044940}
  m_LocalRotation: {x: 0, y: 0, z: -0.07857176, w: 0.9969085}
  m_LocalPosition: {x: 0.5000003, y: -0.00000006146729, z: 0}
  m_LocalScale: {x: 1, y: 1, z: 1}
  m_Children:
  - {fileID: 4386471921651232}
  m_Father: {fileID: 4329782827270530}
  m_RootOrder: 0
  m_LocalEulerAnglesHint: {x: 0, y: 0, z: -9.0130005}
--- !u!4 &4505548707509344
Transform:
  m_ObjectHideFlags: 1
  m_PrefabParentObject: {fileID: 0}
  m_PrefabInternal: {fileID: 100100000}
  m_GameObject: {fileID: 1640465845514754}
  m_LocalRotation: {x: -0, y: -0, z: -0, w: 1}
  m_LocalPosition: {x: 0.069, y: -3.752, z: 0.041035}
  m_LocalScale: {x: 0.15, y: 0.15, z: 0.15}
  m_Children: []
  m_Father: {fileID: 4507934235608512}
  m_RootOrder: 3
  m_LocalEulerAnglesHint: {x: 0, y: 0, z: 0}
--- !u!4 &4507934235608512
Transform:
  m_ObjectHideFlags: 1
  m_PrefabParentObject: {fileID: 0}
  m_PrefabInternal: {fileID: 100100000}
  m_GameObject: {fileID: 1369549364999032}
  m_LocalRotation: {x: 0, y: 0, z: 0, w: 1}
  m_LocalPosition: {x: 24.797264, y: -11.16847, z: 0}
  m_LocalScale: {x: 1, y: 1, z: 1}
  m_Children:
  - {fileID: 4783800774579532}
  - {fileID: 4026726672346552}
  - {fileID: 4882323709725240}
  - {fileID: 4505548707509344}
  - {fileID: 4682502943587464}
  - {fileID: 4911955211417642}
  m_Father: {fileID: 0}
  m_RootOrder: 0
  m_LocalEulerAnglesHint: {x: 0, y: 0, z: 0}
--- !u!4 &4516635485220758
Transform:
  m_ObjectHideFlags: 1
  m_PrefabParentObject: {fileID: 0}
  m_PrefabInternal: {fileID: 100100000}
  m_GameObject: {fileID: 1397231259713604}
  m_LocalRotation: {x: 0, y: 0, z: 0.4451295, w: 0.8954662}
  m_LocalPosition: {x: 0.46958098, y: 0.00000023841858, z: 0}
  m_LocalScale: {x: 1, y: 1, z: 1}
  m_Children: []
  m_Father: {fileID: 4147977523186848}
  m_RootOrder: 0
  m_LocalEulerAnglesHint: {x: 0, y: 0, z: -307.137}
--- !u!4 &4548653869391390
Transform:
  m_ObjectHideFlags: 1
  m_PrefabParentObject: {fileID: 0}
  m_PrefabInternal: {fileID: 100100000}
  m_GameObject: {fileID: 1989857526573896}
  m_LocalRotation: {x: 0, y: 0, z: 0.40283942, w: 0.91527075}
  m_LocalPosition: {x: 0.039778985, y: 0.00000048801303, z: 0}
  m_LocalScale: {x: 1, y: 1, z: 1}
  m_Children:
  - {fileID: 4654745968524648}
  m_Father: {fileID: 4227723616879118}
  m_RootOrder: 0
  m_LocalEulerAnglesHint: {x: 0, y: 0, z: 47.511}
--- !u!4 &4613133776154928
Transform:
  m_ObjectHideFlags: 1
  m_PrefabParentObject: {fileID: 0}
  m_PrefabInternal: {fileID: 100100000}
  m_GameObject: {fileID: 1411795730267888}
  m_LocalRotation: {x: 0, y: 0, z: -0.99931306, w: -0.03706004}
  m_LocalPosition: {x: 0.20542698, y: -0.1100621, z: 0}
  m_LocalScale: {x: 1.0000013, y: 1.0000013, z: 1}
  m_Children:
  - {fileID: 4931253182886850}
  m_Father: {fileID: 4260939840766420}
  m_RootOrder: 2
  m_LocalEulerAnglesHint: {x: 0, y: 0, z: -544.248}
--- !u!4 &4625171715624692
Transform:
  m_ObjectHideFlags: 1
  m_PrefabParentObject: {fileID: 0}
  m_PrefabInternal: {fileID: 100100000}
  m_GameObject: {fileID: 1937530103748946}
  m_LocalRotation: {x: 0, y: 0, z: -0.9791839, w: -0.20297524}
  m_LocalPosition: {x: 0.14199586, y: 0.07540237, z: 0}
  m_LocalScale: {x: 1, y: 1, z: 1}
  m_Children:
  - {fileID: 4977229749340632}
  m_Father: {fileID: 4877119569995488}
  m_RootOrder: 1
  m_LocalEulerAnglesHint: {x: 0, y: 0, z: -203.422}
--- !u!4 &4654745968524648
Transform:
  m_ObjectHideFlags: 1
  m_PrefabParentObject: {fileID: 0}
  m_PrefabInternal: {fileID: 100100000}
  m_GameObject: {fileID: 1463221099528636}
  m_LocalRotation: {x: 0, y: 0, z: 0.53695893, w: 0.84360844}
  m_LocalPosition: {x: 0.068339676, y: 0.00000042188913, z: 0}
  m_LocalScale: {x: 1, y: 1, z: 1}
  m_Children: []
  m_Father: {fileID: 4548653869391390}
  m_RootOrder: 0
  m_LocalEulerAnglesHint: {x: 0, y: 0, z: 64.953}
--- !u!4 &4682502943587464
Transform:
  m_ObjectHideFlags: 1
  m_PrefabParentObject: {fileID: 0}
  m_PrefabInternal: {fileID: 100100000}
  m_GameObject: {fileID: 1470529382676936}
  m_LocalRotation: {x: -0, y: -0, z: -0, w: 1}
  m_LocalPosition: {x: -0.036531, y: -3.792, z: 0.041035}
  m_LocalScale: {x: 0.15, y: 0.15, z: 0.15}
  m_Children: []
  m_Father: {fileID: 4507934235608512}
  m_RootOrder: 4
  m_LocalEulerAnglesHint: {x: 0, y: 0, z: 0}
--- !u!4 &4717493875677978
Transform:
  m_ObjectHideFlags: 1
  m_PrefabParentObject: {fileID: 0}
  m_PrefabInternal: {fileID: 100100000}
  m_GameObject: {fileID: 1858109288655084}
  m_LocalRotation: {x: -0, y: 0, z: -0.13608076, w: -0.99069774}
  m_LocalPosition: {x: 0.20000002, y: 0.00000006938353, z: 0}
  m_LocalScale: {x: 1, y: 1, z: 1}
  m_Children: []
  m_Father: {fileID: 4784174695638610}
  m_RootOrder: 0
  m_LocalEulerAnglesHint: {x: 0, y: 0, z: 0}
--- !u!4 &4770471458427042
Transform:
  m_ObjectHideFlags: 1
  m_PrefabParentObject: {fileID: 0}
  m_PrefabInternal: {fileID: 100100000}
  m_GameObject: {fileID: 1722879811732344}
  m_LocalRotation: {x: 0, y: 0, z: -0.9970131, w: 0.07723318}
  m_LocalPosition: {x: -0.03525595, y: -0.07583837, z: 0}
  m_LocalScale: {x: 1.000001, y: 1.000001, z: 1}
  m_Children:
  - {fileID: 4147977523186848}
  m_Father: {fileID: 4900644771355188}
  m_RootOrder: 2
  m_LocalEulerAnglesHint: {x: 0, y: 0, z: 548.859}
--- !u!4 &4783800774579532
Transform:
  m_ObjectHideFlags: 1
  m_PrefabParentObject: {fileID: 0}
  m_PrefabInternal: {fileID: 100100000}
  m_GameObject: {fileID: 1209905477733124}
  m_LocalRotation: {x: -0, y: -0, z: -0, w: 1}
  m_LocalPosition: {x: 0.015467, y: -2.6591, z: 0.041035}
  m_LocalScale: {x: 0.15, y: 0.15, z: 0.15}
  m_Children: []
  m_Father: {fileID: 4507934235608512}
  m_RootOrder: 0
  m_LocalEulerAnglesHint: {x: 0, y: 0, z: 0}
--- !u!4 &4784174695638610
Transform:
  m_ObjectHideFlags: 1
  m_PrefabParentObject: {fileID: 0}
  m_PrefabInternal: {fileID: 100100000}
  m_GameObject: {fileID: 1989311757289286}
  m_LocalRotation: {x: -0, y: -0, z: 0.19770208, w: -0.98026216}
  m_LocalPosition: {x: -0.2510001, y: -4.300001, z: 0}
  m_LocalScale: {x: 1, y: 1, z: 1}
  m_Children:
  - {fileID: 4717493875677978}
  m_Father: {fileID: 4911955211417642}
  m_RootOrder: 1
  m_LocalEulerAnglesHint: {x: 0, y: 0, z: 0}
--- !u!4 &4877119569995488
Transform:
  m_ObjectHideFlags: 1
  m_PrefabParentObject: {fileID: 0}
  m_PrefabInternal: {fileID: 100100000}
  m_GameObject: {fileID: 1311166122048210}
  m_LocalRotation: {x: 0, y: 0, z: -0.0033969593, w: 0.9999943}
  m_LocalPosition: {x: 0.41216618, y: -8.62066e-12, z: 0}
  m_LocalScale: {x: 1, y: 1, z: 1}
  m_Children:
  - {fileID: 4227723616879118}
  - {fileID: 4625171715624692}
  - {fileID: 4015571277226452}
  m_Father: {fileID: 4260939840766420}
  m_RootOrder: 0
  m_LocalEulerAnglesHint: {x: 0, y: 0, z: 1.1110001}
--- !u!4 &4882323709725240
Transform:
  m_ObjectHideFlags: 1
  m_PrefabParentObject: {fileID: 0}
  m_PrefabInternal: {fileID: 100100000}
  m_GameObject: {fileID: 1264863935612890}
  m_LocalRotation: {x: 0.0063609704, y: -0.0059659756, z: -0.12450842, w: 0.9921802}
  m_LocalPosition: {x: -0.33, y: -3.1, z: 0.051}
  m_LocalScale: {x: 0.15, y: 0.15, z: 0.15}
  m_Children: []
  m_Father: {fileID: 4507934235608512}
  m_RootOrder: 2
  m_LocalEulerAnglesHint: {x: 0.638, y: -0.76900005, z: -14.31}
--- !u!4 &4900644771355188
Transform:
  m_ObjectHideFlags: 1
  m_PrefabParentObject: {fileID: 0}
  m_PrefabInternal: {fileID: 100100000}
  m_GameObject: {fileID: 1960466682829216}
  m_LocalRotation: {x: 0, y: 0, z: 0.71281594, w: 0.7013511}
  m_LocalPosition: {x: 0.000000037252903, y: -3.234293, z: 0}
  m_LocalScale: {x: 1, y: 1, z: 1}
  m_Children:
  - {fileID: 4260939840766420}
  - {fileID: 4329782827270530}
  - {fileID: 4770471458427042}
  - {fileID: 4389297258424144}
  - {fileID: 4118796514994052}
  m_Father: {fileID: 4911955211417642}
  m_RootOrder: 0
  m_LocalEulerAnglesHint: {x: 0, y: 0, z: 92.426}
--- !u!4 &4911955211417642
Transform:
  m_ObjectHideFlags: 1
  m_PrefabParentObject: {fileID: 0}
  m_PrefabInternal: {fileID: 100100000}
  m_GameObject: {fileID: 1003899545839654}
  m_LocalRotation: {x: 0, y: 0, z: 0, w: 1}
  m_LocalPosition: {x: 0, y: 0, z: 0}
  m_LocalScale: {x: 1, y: 1, z: 1}
  m_Children:
  - {fileID: 4900644771355188}
  - {fileID: 4784174695638610}
  - {fileID: 4065649820715774}
  m_Father: {fileID: 4507934235608512}
  m_RootOrder: 5
  m_LocalEulerAnglesHint: {x: 0, y: 0, z: 0}
--- !u!4 &4931253182886850
Transform:
  m_ObjectHideFlags: 1
  m_PrefabParentObject: {fileID: 0}
  m_PrefabInternal: {fileID: 100100000}
  m_GameObject: {fileID: 1255932240772524}
  m_LocalRotation: {x: 0, y: 0, z: 0.14235084, w: 0.98981625}
  m_LocalPosition: {x: 0.4069022, y: 0.00000011920914, z: 0}
  m_LocalScale: {x: 1, y: 1, z: 1}
  m_Children: []
  m_Father: {fileID: 4613133776154928}
  m_RootOrder: 0
  m_LocalEulerAnglesHint: {x: 0, y: 0, z: 16.368}
--- !u!4 &4971590351509446
Transform:
  m_ObjectHideFlags: 1
  m_PrefabParentObject: {fileID: 0}
  m_PrefabInternal: {fileID: 100100000}
  m_GameObject: {fileID: 1247460970039322}
  m_LocalRotation: {x: -0, y: 0, z: -0.13608076, w: -0.99069774}
  m_LocalPosition: {x: 0.20000048, y: -0.00000020954758, z: 0}
  m_LocalScale: {x: 1, y: 1, z: 1}
  m_Children: []
  m_Father: {fileID: 4065649820715774}
  m_RootOrder: 0
  m_LocalEulerAnglesHint: {x: 0, y: 0, z: 0}
--- !u!4 &4977229749340632
Transform:
  m_ObjectHideFlags: 1
  m_PrefabParentObject: {fileID: 0}
  m_PrefabInternal: {fileID: 100100000}
  m_GameObject: {fileID: 1418151391187746}
  m_LocalRotation: {x: 0, y: 0, z: -0.3107257, w: 0.95049965}
  m_LocalPosition: {x: 0.048692062, y: -0.00000013411045, z: 0}
  m_LocalScale: {x: 1, y: 1, z: 1}
  m_Children: []
  m_Father: {fileID: 4625171715624692}
  m_RootOrder: 0
  m_LocalEulerAnglesHint: {x: 0, y: 0, z: -36.206}
--- !u!50 &50220636263721146
Rigidbody2D:
  serializedVersion: 4
  m_ObjectHideFlags: 1
  m_PrefabParentObject: {fileID: 0}
  m_PrefabInternal: {fileID: 100100000}
  m_GameObject: {fileID: 1369549364999032}
  m_BodyType: 0
  m_Simulated: 1
  m_UseFullKinematicContacts: 1
  m_UseAutoMass: 0
  m_Mass: 100
  m_LinearDrag: 0
  m_AngularDrag: 0
  m_GravityScale: 1
  m_Material: {fileID: 0}
  m_Interpolate: 1
  m_SleepingMode: 0
  m_CollisionDetection: 0
  m_Constraints: 4
--- !u!70 &70348597316082424
CapsuleCollider2D:
  m_ObjectHideFlags: 1
  m_PrefabParentObject: {fileID: 0}
  m_PrefabInternal: {fileID: 100100000}
  m_GameObject: {fileID: 1369549364999032}
  m_Enabled: 1
  m_Density: 1
  m_Material: {fileID: 0}
  m_IsTrigger: 0
  m_UsedByEffector: 0
  m_UsedByComposite: 0
  m_Offset: {x: 0, y: -3.8}
  m_Size: {x: 0.5, y: 1.25}
  m_Direction: 0
--- !u!82 &82303423945650332
AudioSource:
  m_ObjectHideFlags: 1
  m_PrefabParentObject: {fileID: 0}
  m_PrefabInternal: {fileID: 100100000}
  m_GameObject: {fileID: 1369549364999032}
  m_Enabled: 1
  serializedVersion: 4
  OutputAudioMixerGroup: {fileID: 243472739579027330, guid: 619bf33442bf39f46bbc1eef483cface,
    type: 2}
  m_audioClip: {fileID: 0}
  m_PlayOnAwake: 1
  m_Volume: 1
  m_Pitch: 1
  Loop: 0
  Mute: 0
  Spatialize: 0
  SpatializePostEffects: 0
  Priority: 128
  DopplerLevel: 1
  MinDistance: 1
  MaxDistance: 500
  Pan2D: 0
  rolloffMode: 0
  BypassEffects: 0
  BypassListenerEffects: 0
  BypassReverbZones: 0
  rolloffCustomCurve:
    serializedVersion: 2
    m_Curve:
    - serializedVersion: 2
      time: 0
      value: 1
      inSlope: 0
      outSlope: 0
      tangentMode: 0
    - serializedVersion: 2
      time: 1
      value: 0
      inSlope: 0
      outSlope: 0
      tangentMode: 0
    m_PreInfinity: 2
    m_PostInfinity: 2
    m_RotationOrder: 4
  panLevelCustomCurve:
    serializedVersion: 2
    m_Curve:
    - serializedVersion: 2
      time: 0
      value: 0
      inSlope: 0
      outSlope: 0
      tangentMode: 0
    m_PreInfinity: 2
    m_PostInfinity: 2
    m_RotationOrder: 0
  spreadCustomCurve:
    serializedVersion: 2
    m_Curve:
    - serializedVersion: 2
      time: 0
      value: 0
      inSlope: 0
      outSlope: 0
      tangentMode: 0
    m_PreInfinity: 2
    m_PostInfinity: 2
    m_RotationOrder: 4
  reverbZoneMixCustomCurve:
    serializedVersion: 2
    m_Curve:
    - serializedVersion: 2
      time: 0
      value: 1
      inSlope: 0
      outSlope: 0
      tangentMode: 0
    m_PreInfinity: 2
    m_PostInfinity: 2
    m_RotationOrder: 0
--- !u!82 &82557712107832920
AudioSource:
  m_ObjectHideFlags: 1
  m_PrefabParentObject: {fileID: 0}
  m_PrefabInternal: {fileID: 100100000}
  m_GameObject: {fileID: 1369549364999032}
  m_Enabled: 1
  serializedVersion: 4
  OutputAudioMixerGroup: {fileID: 243858084989256004, guid: 619bf33442bf39f46bbc1eef483cface,
    type: 2}
  m_audioClip: {fileID: 0}
  m_PlayOnAwake: 1
  m_Volume: 1
  m_Pitch: 1
  Loop: 0
  Mute: 0
  Spatialize: 0
  SpatializePostEffects: 0
  Priority: 128
  DopplerLevel: 1
  MinDistance: 1
  MaxDistance: 500
  Pan2D: 0
  rolloffMode: 0
  BypassEffects: 0
  BypassListenerEffects: 0
  BypassReverbZones: 0
  rolloffCustomCurve:
    serializedVersion: 2
    m_Curve:
    - serializedVersion: 2
      time: 0
      value: 1
      inSlope: 0
      outSlope: 0
      tangentMode: 0
    - serializedVersion: 2
      time: 1
      value: 0
      inSlope: 0
      outSlope: 0
      tangentMode: 0
    m_PreInfinity: 2
    m_PostInfinity: 2
    m_RotationOrder: 4
  panLevelCustomCurve:
    serializedVersion: 2
    m_Curve:
    - serializedVersion: 2
      time: 0
      value: 0
      inSlope: 0
      outSlope: 0
      tangentMode: 0
    m_PreInfinity: 2
    m_PostInfinity: 2
    m_RotationOrder: 0
  spreadCustomCurve:
    serializedVersion: 2
    m_Curve:
    - serializedVersion: 2
      time: 0
      value: 0
      inSlope: 0
      outSlope: 0
      tangentMode: 0
    m_PreInfinity: 2
    m_PostInfinity: 2
    m_RotationOrder: 4
  reverbZoneMixCustomCurve:
    serializedVersion: 2
    m_Curve:
    - serializedVersion: 2
      time: 0
      value: 1
      inSlope: 0
      outSlope: 0
      tangentMode: 0
    m_PreInfinity: 2
    m_PostInfinity: 2
    m_RotationOrder: 0
--- !u!95 &95884066675855432
Animator:
  serializedVersion: 3
  m_ObjectHideFlags: 1
  m_PrefabParentObject: {fileID: 0}
  m_PrefabInternal: {fileID: 100100000}
  m_GameObject: {fileID: 1369549364999032}
  m_Enabled: 1
  m_Avatar: {fileID: 0}
  m_Controller: {fileID: 9100000, guid: 9bb9dd9ec96112d4b903d992c6a68e5a, type: 2}
  m_CullingMode: 0
  m_UpdateMode: 0
  m_ApplyRootMotion: 0
  m_LinearVelocityBlending: 0
  m_WarningMessage: 
  m_HasTransformHierarchy: 1
  m_AllowConstantClipSamplingOptimization: 1
--- !u!114 &114010969973866820
MonoBehaviour:
  m_ObjectHideFlags: 1
  m_PrefabParentObject: {fileID: 0}
  m_PrefabInternal: {fileID: 100100000}
  m_GameObject: {fileID: 1937530103748946}
  m_Enabled: 1
  m_EditorHideFlags: 0
  m_Script: {fileID: 11500000, guid: 03b157d7625014c58bfbad3513f40289, type: 3}
  m_Name: 
  m_EditorClassIdentifier: 
  m_Color: {r: 1, g: 1, b: 1, a: 1}
  m_Length: 0.04869167
  m_Child: {fileID: 0}
  m_ChildTransform: {fileID: 4977229749340632}
  m_AttachedIK: {fileID: 0}
--- !u!114 &114055684320287068
MonoBehaviour:
  m_ObjectHideFlags: 1
  m_PrefabParentObject: {fileID: 0}
  m_PrefabInternal: {fileID: 100100000}
  m_GameObject: {fileID: 1610477393413062}
  m_Enabled: 1
  m_EditorHideFlags: 0
  m_Script: {fileID: 11500000, guid: 03b157d7625014c58bfbad3513f40289, type: 3}
  m_Name: 
  m_EditorClassIdentifier: 
  m_Color: {r: 1, g: 1, b: 1, a: 1}
  m_Length: 0.039778877
  m_Child: {fileID: 0}
  m_ChildTransform: {fileID: 4548653869391390}
  m_AttachedIK: {fileID: 0}
--- !u!114 &114091649282227568
MonoBehaviour:
  m_ObjectHideFlags: 1
  m_PrefabParentObject: {fileID: 0}
  m_PrefabInternal: {fileID: 100100000}
  m_GameObject: {fileID: 1470529382676936}
  m_Enabled: 1
  m_EditorHideFlags: 0
  m_Script: {fileID: 11500000, guid: 5ec17ceaa560940e9bf0dbeafc3a1971, type: 3}
  m_Name: 
  m_EditorClassIdentifier: 
  m_SpriteMesh: {fileID: 11400000, guid: a147a3017deb613499d5102a1eaff103, type: 2}
  m_Color: {r: 1, g: 1, b: 1, a: 1}
  m_Materials:
  - {fileID: 10754, guid: 0000000000000000f000000000000000, type: 0}
  m_SortingLayerID: -1461910193
  m_SortingOrder: 5
  m_Bones: []
  m_BoneTransforms:
  - {fileID: 4329782827270530}
  - {fileID: 4416742907193496}
  - {fileID: 4386471921651232}
  - {fileID: 4389297258424144}
--- !u!114 &114093904346218182
MonoBehaviour:
  m_ObjectHideFlags: 1
  m_PrefabParentObject: {fileID: 0}
  m_PrefabInternal: {fileID: 100100000}
  m_GameObject: {fileID: 1873331675549786}
  m_Enabled: 1
  m_EditorHideFlags: 0
  m_Script: {fileID: 11500000, guid: 99091f75dac5d4ede961d37f71798fc6, type: 3}
  m_Name: 
  m_EditorClassIdentifier: 
  m_Target: {fileID: 0}
  m_Record: 0
  m_TargetTransform: {fileID: 4103613927636256}
  m_NumBones: 2
  m_Weight: 1
  m_RestoreDefaultPose: 1
  m_OrientChild: 1
  flip: 0
  m_Solver:
    m_RootBone: {fileID: 0}
    m_RootBoneTransform: {fileID: 4285578181436332}
    m_SolverPoses:
    - m_Bone: {fileID: 0}
      m_BoneTransform: {fileID: 4285578181436332}
      solverPosition: {x: 0, y: 0, z: 0}
      solverRotation: {x: 0, y: 0, z: -0.99997276, w: -0.0073834425}
      defaultLocalRotation: {x: 0, y: 0, z: -0.99897426, w: -0.04528246}
    - m_Bone: {fileID: 0}
      m_BoneTransform: {fileID: 4103613927636256}
      solverPosition: {x: 0, y: 0, z: 0}
      solverRotation: {x: 0, y: 0, z: 0.08715256, w: 0.99619496}
      defaultLocalRotation: {x: 0, y: 0, z: 0.041656133, w: 0.99913204}
    m_Weight: 1
    m_RestoreDefaultPose: 1
    targetPosition: {x: -118.464455, y: 85.753, z: 0}
    flip: 0
--- !u!114 &114253108365218616
MonoBehaviour:
  m_ObjectHideFlags: 1
  m_PrefabParentObject: {fileID: 0}
  m_PrefabInternal: {fileID: 100100000}
  m_GameObject: {fileID: 1795941398840830}
  m_Enabled: 1
  m_EditorHideFlags: 0
  m_Script: {fileID: 11500000, guid: 03b157d7625014c58bfbad3513f40289, type: 3}
  m_Name: 
  m_EditorClassIdentifier: 
  m_Color: {r: 1, g: 1, b: 1, a: 1}
  m_Length: 0.2
  m_Child: {fileID: 0}
  m_ChildTransform: {fileID: 0}
  m_AttachedIK: {fileID: 114969902366920492}
--- !u!114 &114257815402758670
MonoBehaviour:
  m_ObjectHideFlags: 1
  m_PrefabParentObject: {fileID: 0}
  m_PrefabInternal: {fileID: 100100000}
  m_GameObject: {fileID: 1369549364999032}
  m_Enabled: 1
  m_EditorHideFlags: 0
  m_Script: {fileID: 11500000, guid: 524c8d16d6904f2facd6792374c42e97, type: 3}
  m_Name: 
  m_EditorClassIdentifier: 
  WalkSounds:
  - {fileID: 0}
  - {fileID: 0}
  CustomSounds:
  - {fileID: 0}
  PickItemSound: {fileID: 8300000, guid: 956c78699128d2c4a9935fcd47c0e33d, type: 3}
--- !u!114 &114259881448099524
MonoBehaviour:
  m_ObjectHideFlags: 1
  m_PrefabParentObject: {fileID: 0}
  m_PrefabInternal: {fileID: 100100000}
  m_GameObject: {fileID: 1929307521784580}
  m_Enabled: 1
  m_EditorHideFlags: 0
  m_Script: {fileID: 11500000, guid: 03b157d7625014c58bfbad3513f40289, type: 3}
  m_Name: 
  m_EditorClassIdentifier: 
  m_Color: {r: 1, g: 1, b: 1, a: 1}
  m_Length: 0.41216668
  m_Child: {fileID: 0}
  m_ChildTransform: {fileID: 4877119569995488}
  m_AttachedIK: {fileID: 0}
--- !u!114 &114268950580413244
MonoBehaviour:
  m_ObjectHideFlags: 1
  m_PrefabParentObject: {fileID: 0}
  m_PrefabInternal: {fileID: 100100000}
  m_GameObject: {fileID: 1960466682829216}
  m_Enabled: 1
  m_EditorHideFlags: 0
  m_Script: {fileID: 11500000, guid: 03b157d7625014c58bfbad3513f40289, type: 3}
  m_Name: 
  m_EditorClassIdentifier: 
  m_Color: {r: 1, g: 1, b: 1, a: 1}
  m_Length: 0.34343654
  m_Child: {fileID: 0}
  m_ChildTransform: {fileID: 4260939840766420}
  m_AttachedIK: {fileID: 0}
--- !u!114 &114271114258901740
MonoBehaviour:
  m_ObjectHideFlags: 1
  m_PrefabParentObject: {fileID: 0}
  m_PrefabInternal: {fileID: 100100000}
  m_GameObject: {fileID: 1722879811732344}
  m_Enabled: 1
  m_EditorHideFlags: 0
  m_Script: {fileID: 11500000, guid: 03b157d7625014c58bfbad3513f40289, type: 3}
  m_Name: 
  m_EditorClassIdentifier: 
  m_Color: {r: 1, g: 1, b: 1, a: 1}
  m_Length: 0.5
  m_Child: {fileID: 0}
  m_ChildTransform: {fileID: 4147977523186848}
  m_AttachedIK: {fileID: 114668632687979204}
--- !u!114 &114293019205909644
MonoBehaviour:
  m_ObjectHideFlags: 1
  m_PrefabParentObject: {fileID: 0}
  m_PrefabInternal: {fileID: 100100000}
  m_GameObject: {fileID: 1265335255775364}
  m_Enabled: 1
  m_EditorHideFlags: 0
  m_Script: {fileID: 11500000, guid: 03b157d7625014c58bfbad3513f40289, type: 3}
  m_Name: 
  m_EditorClassIdentifier: 
  m_Color: {r: 1, g: 1, b: 1, a: 1}
  m_Length: 0.51
  m_Child: {fileID: 0}
  m_ChildTransform: {fileID: 0}
  m_AttachedIK: {fileID: 114093904346218182}
--- !u!114 &114325461968205986
MonoBehaviour:
  m_ObjectHideFlags: 1
  m_PrefabParentObject: {fileID: 0}
  m_PrefabInternal: {fileID: 100100000}
  m_GameObject: {fileID: 1324617804033204}
  m_Enabled: 1
  m_EditorHideFlags: 0
  m_Script: {fileID: 11500000, guid: 99091f75dac5d4ede961d37f71798fc6, type: 3}
  m_Name: 
  m_EditorClassIdentifier: 
  m_Target: {fileID: 0}
  m_Record: 0
  m_TargetTransform: {fileID: 4931253182886850}
  m_NumBones: 2
  m_Weight: 1
  m_RestoreDefaultPose: 1
  m_OrientChild: 1
  flip: 0
  m_Solver:
    m_RootBone: {fileID: 0}
    m_RootBoneTransform: {fileID: 4613133776154928}
    m_SolverPoses:
    - m_Bone: {fileID: 0}
      m_BoneTransform: {fileID: 4613133776154928}
      solverPosition: {x: 0, y: 0, z: 0}
      solverRotation: {x: 0, y: 0, z: -0.99931306, w: -0.03706004}
      defaultLocalRotation: {x: 0, y: 0, z: -0.99933845, w: 0.036369108}
    - m_Bone: {fileID: 0}
      m_BoneTransform: {fileID: 4931253182886850}
      solverPosition: {x: 0, y: 0, z: 0}
      solverRotation: {x: 0, y: 0, z: 0.14235084, w: 0.98981625}
      defaultLocalRotation: {x: 0, y: 0, z: -0.013364409, w: 0.9999107}
    m_Weight: 1
    m_RestoreDefaultPose: 1
    targetPosition: {x: -118.12104, y: 85.71688, z: 0}
    flip: 0
--- !u!114 &114365958359898354
MonoBehaviour:
  m_ObjectHideFlags: 1
  m_PrefabParentObject: {fileID: 0}
  m_PrefabInternal: {fileID: 100100000}
  m_GameObject: {fileID: 1760045075997398}
  m_Enabled: 1
  m_EditorHideFlags: 0
  m_Script: {fileID: 11500000, guid: 03b157d7625014c58bfbad3513f40289, type: 3}
  m_Name: 
  m_EditorClassIdentifier: 
  m_Color: {r: 1, g: 1, b: 1, a: 1}
  m_Length: 0.11
  m_Child: {fileID: 0}
  m_ChildTransform: {fileID: 0}
  m_AttachedIK: {fileID: 0}
--- !u!114 &114436218459500344
MonoBehaviour:
  m_ObjectHideFlags: 1
  m_PrefabParentObject: {fileID: 0}
  m_PrefabInternal: {fileID: 100100000}
  m_GameObject: {fileID: 1374677029425318}
  m_Enabled: 1
  m_EditorHideFlags: 0
  m_Script: {fileID: 11500000, guid: 315ee65f910e84c6c8c8b891a9513484, type: 3}
  m_Name: 
  m_EditorClassIdentifier: 
  m_Target: {fileID: 0}
  m_Record: 0
  m_TargetTransform: {fileID: 4654745968524648}
  m_NumBones: 2
  m_Weight: 1
  m_RestoreDefaultPose: 1
  m_OrientChild: 1
  iterations: 10
  damping: 0.8
  m_Solver:
    m_RootBone: {fileID: 0}
    m_RootBoneTransform: {fileID: 4548653869391390}
    m_SolverPoses:
    - m_Bone: {fileID: 0}
      m_BoneTransform: {fileID: 4548653869391390}
      solverPosition: {x: 0.000003696846, y: -0.0000010207402, z: 0}
      solverRotation: {x: 0, y: 0, z: 0.40283942, w: 0.91527075}
      defaultLocalRotation: {x: 0, y: 0, z: 0.35614023, w: 0.93443257}
    - m_Bone: {fileID: 0}
      m_BoneTransform: {fileID: 4654745968524648}
      solverPosition: {x: 0.067988105, y: 0.0068864203, z: 0}
      solverRotation: {x: 0, y: 0, z: 0.5369589, w: 0.8436084}
      defaultLocalRotation: {x: 0, y: 0, z: 0.5292026, w: 0.8484955}
    m_Weight: 1
    m_RestoreDefaultPose: 1
    targetPosition: {x: -118.06837, y: 87.435265, z: 0}
    iterations: 10
    damping: 0.8
--- !u!114 &114451922378772858
MonoBehaviour:
  m_ObjectHideFlags: 1
  m_PrefabParentObject: {fileID: 0}
  m_PrefabInternal: {fileID: 100100000}
  m_GameObject: {fileID: 1397231259713604}
  m_Enabled: 1
  m_EditorHideFlags: 0
  m_Script: {fileID: 11500000, guid: 03b157d7625014c58bfbad3513f40289, type: 3}
  m_Name: 
  m_EditorClassIdentifier: 
  m_Color: {r: 1, g: 1, b: 1, a: 1}
  m_Length: 0.2
  m_Child: {fileID: 0}
  m_ChildTransform: {fileID: 0}
  m_AttachedIK: {fileID: 114896537581147848}
--- !u!114 &114515264864327450
MonoBehaviour:
  m_ObjectHideFlags: 1
  m_PrefabParentObject: {fileID: 0}
  m_PrefabInternal: {fileID: 100100000}
  m_GameObject: {fileID: 1209905477733124}
  m_Enabled: 1
  m_EditorHideFlags: 0
  m_Script: {fileID: 11500000, guid: 5ec17ceaa560940e9bf0dbeafc3a1971, type: 3}
  m_Name: 
  m_EditorClassIdentifier: 
  m_SpriteMesh: {fileID: 11400000, guid: 45fad752e1e2d9847826e577610f7982, type: 2}
  m_Color: {r: 1, g: 1, b: 1, a: 1}
  m_Materials:
  - {fileID: 10754, guid: 0000000000000000f000000000000000, type: 0}
  m_SortingLayerID: -1461910193
  m_SortingOrder: 10
  m_Bones: []
  m_BoneTransforms:
  - {fileID: 4900644771355188}
  - {fileID: 4260939840766420}
  - {fileID: 4877119569995488}
  - {fileID: 4227723616879118}
  - {fileID: 4548653869391390}
  - {fileID: 4654745968524648}
  - {fileID: 4625171715624692}
  - {fileID: 4977229749340632}
--- !u!114 &114545428116944742
MonoBehaviour:
  m_ObjectHideFlags: 1
  m_PrefabParentObject: {fileID: 0}
  m_PrefabInternal: {fileID: 100100000}
  m_GameObject: {fileID: 1411795730267888}
  m_Enabled: 1
  m_EditorHideFlags: 0
  m_Script: {fileID: 11500000, guid: 03b157d7625014c58bfbad3513f40289, type: 3}
  m_Name: 
  m_EditorClassIdentifier: 
  m_Color: {r: 1, g: 1, b: 1, a: 1}
  m_Length: 0.40690243
  m_Child: {fileID: 0}
  m_ChildTransform: {fileID: 4931253182886850}
  m_AttachedIK: {fileID: 114325461968205986}
--- !u!114 &114611130483055238
MonoBehaviour:
  m_ObjectHideFlags: 1
  m_PrefabParentObject: {fileID: 0}
  m_PrefabInternal: {fileID: 100100000}
  m_GameObject: {fileID: 1311166122048210}
  m_Enabled: 1
  m_EditorHideFlags: 0
  m_Script: {fileID: 11500000, guid: 03b157d7625014c58bfbad3513f40289, type: 3}
  m_Name: 
  m_EditorClassIdentifier: 
  m_Color: {r: 1, g: 1, b: 1, a: 1}
  m_Length: 0.6
  m_Child: {fileID: 0}
  m_ChildTransform: {fileID: 0}
  m_AttachedIK: {fileID: 0}
--- !u!114 &114621146469148998
MonoBehaviour:
  m_ObjectHideFlags: 1
  m_PrefabParentObject: {fileID: 0}
  m_PrefabInternal: {fileID: 100100000}
  m_GameObject: {fileID: 1989311757289286}
  m_Enabled: 1
  m_EditorHideFlags: 0
  m_Script: {fileID: 11500000, guid: 99091f75dac5d4ede961d37f71798fc6, type: 3}
  m_Name: 
  m_EditorClassIdentifier: 
  m_Target: {fileID: 0}
  m_Record: 0
  m_TargetTransform: {fileID: 4416742907193496}
  m_NumBones: 2
  m_Weight: 1
  m_RestoreDefaultPose: 1
  m_OrientChild: 1
  flip: 1
  m_Solver:
    m_RootBone: {fileID: 0}
    m_RootBoneTransform: {fileID: 4329782827270530}
    m_SolverPoses:
    - m_Bone: {fileID: 0}
      m_BoneTransform: {fileID: 4329782827270530}
      solverPosition: {x: 0, y: 0, z: 0}
      solverRotation: {x: 0, y: 0, z: 0.99946195, w: 0.03279916}
      defaultLocalRotation: {x: 0, y: 0, z: 0.9985179, w: 0.05442491}
    - m_Bone: {fileID: 0}
      m_BoneTransform: {fileID: 4416742907193496}
      solverPosition: {x: 0, y: 0, z: 0}
      solverRotation: {x: 0, y: 0, z: -0.07857176, w: 0.9969085}
      defaultLocalRotation: {x: 0, y: 0, z: -0.07261583, w: 0.99736}
    m_Weight: 1
    m_RestoreDefaultPose: 1
    targetPosition: {x: -118.541, y: 85.009995, z: 0}
    flip: 1
--- !u!114 &114636705064670752
MonoBehaviour:
  m_ObjectHideFlags: 1
  m_PrefabParentObject: {fileID: 0}
  m_PrefabInternal: {fileID: 100100000}
  m_GameObject: {fileID: 1369549364999032}
  m_Enabled: 1
  m_EditorHideFlags: 0
  m_Script: {fileID: 11500000, guid: f937cdd86f0512a4d86609555158980c, type: 3}
  m_Name: 
  m_EditorClassIdentifier: 
  MoveSpeed: 5
  InteractionRadius: 8
  PlayerDialogueRunner: {fileID: 0}
  SortingBoundRenderer: {fileID: 137037801774676928}
--- !u!114 &114668632687979204
MonoBehaviour:
  m_ObjectHideFlags: 1
  m_PrefabParentObject: {fileID: 0}
  m_PrefabInternal: {fileID: 100100000}
  m_GameObject: {fileID: 1110592668267962}
  m_Enabled: 1
  m_EditorHideFlags: 0
  m_Script: {fileID: 11500000, guid: 99091f75dac5d4ede961d37f71798fc6, type: 3}
  m_Name: 
  m_EditorClassIdentifier: 
  m_Target: {fileID: 0}
  m_Record: 0
  m_TargetTransform: {fileID: 4147977523186848}
  m_NumBones: 2
  m_Weight: 1
  m_RestoreDefaultPose: 1
  m_OrientChild: 1
  flip: 1
  m_Solver:
    m_RootBone: {fileID: 0}
    m_RootBoneTransform: {fileID: 4770471458427042}
    m_SolverPoses:
    - m_Bone: {fileID: 0}
      m_BoneTransform: {fileID: 4770471458427042}
      solverPosition: {x: 0, y: 0, z: 0}
      solverRotation: {x: 0, y: 0, z: -0.99701303, w: 0.07723317}
      defaultLocalRotation: {x: 0, y: 0, z: 0.9999717, w: -0.007528426}
    - m_Bone: {fileID: 0}
      m_BoneTransform: {fileID: 4147977523186848}
      solverPosition: {x: 0, y: 0, z: 0}
      solverRotation: {x: 0, y: 0, z: 0, w: 1}
      defaultLocalRotation: {x: 0, y: 0, z: -0.04445068, w: 0.99901164}
    m_Weight: 1
    m_RestoreDefaultPose: 1
    targetPosition: {x: -118.047005, y: 85.076, z: 0}
    flip: 1
--- !u!114 &114674440506192638
MonoBehaviour:
  m_ObjectHideFlags: 1
  m_PrefabParentObject: {fileID: 0}
  m_PrefabInternal: {fileID: 100100000}
  m_GameObject: {fileID: 1640465845514754}
  m_Enabled: 1
  m_EditorHideFlags: 0
  m_Script: {fileID: 11500000, guid: 5ec17ceaa560940e9bf0dbeafc3a1971, type: 3}
  m_Name: 
  m_EditorClassIdentifier: 
  m_SpriteMesh: {fileID: 11400000, guid: b78747139cb22d541862d2c514239d60, type: 2}
  m_Color: {r: 1, g: 1, b: 1, a: 1}
  m_Materials:
  - {fileID: 10754, guid: 0000000000000000f000000000000000, type: 0}
  m_SortingLayerID: -1461910193
  m_SortingOrder: 1
  m_Bones: []
  m_BoneTransforms:
  - {fileID: 4770471458427042}
  - {fileID: 4147977523186848}
  - {fileID: 4516635485220758}
  - {fileID: 4118796514994052}
--- !u!114 &114721585560643680
MonoBehaviour:
  m_ObjectHideFlags: 1
  m_PrefabParentObject: {fileID: 0}
  m_PrefabInternal: {fileID: 100100000}
  m_GameObject: {fileID: 1418151391187746}
  m_Enabled: 1
  m_EditorHideFlags: 0
  m_Script: {fileID: 11500000, guid: 03b157d7625014c58bfbad3513f40289, type: 3}
  m_Name: 
  m_EditorClassIdentifier: 
  m_Color: {r: 1, g: 1, b: 1, a: 1}
  m_Length: 0.07
  m_Child: {fileID: 0}
  m_ChildTransform: {fileID: 0}
  m_AttachedIK: {fileID: 0}
--- !u!114 &114776480484878334
MonoBehaviour:
  m_ObjectHideFlags: 1
  m_PrefabParentObject: {fileID: 0}
  m_PrefabInternal: {fileID: 100100000}
  m_GameObject: {fileID: 1069338840460988}
  m_Enabled: 1
  m_EditorHideFlags: 0
  m_Script: {fileID: 11500000, guid: 03b157d7625014c58bfbad3513f40289, type: 3}
  m_Name: 
  m_EditorClassIdentifier: 
  m_Color: {r: 1, g: 1, b: 1, a: 1}
  m_Length: 0.46958178
  m_Child: {fileID: 0}
  m_ChildTransform: {fileID: 4516635485220758}
  m_AttachedIK: {fileID: 114668632687979204}
--- !u!114 &114813683390292402
MonoBehaviour:
  m_ObjectHideFlags: 1
  m_PrefabParentObject: {fileID: 0}
  m_PrefabInternal: {fileID: 100100000}
  m_GameObject: {fileID: 1869826989256952}
  m_Enabled: 1
  m_EditorHideFlags: 0
  m_Script: {fileID: 11500000, guid: 03b157d7625014c58bfbad3513f40289, type: 3}
  m_Name: 
  m_EditorClassIdentifier: 
  m_Color: {r: 1, g: 1, b: 1, a: 1}
  m_Length: 0.4176212
  m_Child: {fileID: 0}
  m_ChildTransform: {fileID: 4103613927636256}
  m_AttachedIK: {fileID: 114093904346218182}
--- !u!114 &114837980111292390
MonoBehaviour:
  m_ObjectHideFlags: 1
  m_PrefabParentObject: {fileID: 0}
  m_PrefabInternal: {fileID: 100100000}
  m_GameObject: {fileID: 1096416675953512}
  m_Enabled: 1
  m_EditorHideFlags: 0
  m_Script: {fileID: 11500000, guid: 03b157d7625014c58bfbad3513f40289, type: 3}
  m_Name: 
  m_EditorClassIdentifier: 
  m_Color: {r: 1, g: 1, b: 1, a: 1}
  m_Length: 0.12
  m_Child: {fileID: 0}
  m_ChildTransform: {fileID: 0}
  m_AttachedIK: {fileID: 0}
--- !u!114 &114844059375175798
MonoBehaviour:
  m_ObjectHideFlags: 1
  m_PrefabParentObject: {fileID: 0}
  m_PrefabInternal: {fileID: 100100000}
  m_GameObject: {fileID: 1369549364999032}
  m_Enabled: 1
  m_EditorHideFlags: 0
  m_Script: {fileID: 11500000, guid: 533669fe702b5414cbcdd5a5efeb8e36, type: 3}
  m_Name: 
  m_EditorClassIdentifier: 
  m_Poses:
  - {fileID: 11400000, guid: 468170c54a586694ba4a63152b4665ba, type: 2}
--- !u!114 &114859466019688494
MonoBehaviour:
  m_ObjectHideFlags: 1
  m_PrefabParentObject: {fileID: 0}
  m_PrefabInternal: {fileID: 100100000}
  m_GameObject: {fileID: 1255932240772524}
  m_Enabled: 1
  m_EditorHideFlags: 0
  m_Script: {fileID: 11500000, guid: 03b157d7625014c58bfbad3513f40289, type: 3}
  m_Name: 
  m_EditorClassIdentifier: 
  m_Color: {r: 1, g: 1, b: 1, a: 1}
  m_Length: 0.51
  m_Child: {fileID: 0}
  m_ChildTransform: {fileID: 0}
  m_AttachedIK: {fileID: 114325461968205986}
--- !u!114 &114872266570548410
MonoBehaviour:
  m_ObjectHideFlags: 1
  m_PrefabParentObject: {fileID: 0}
  m_PrefabInternal: {fileID: 100100000}
  m_GameObject: {fileID: 1479373348363718}
  m_Enabled: 1
  m_EditorHideFlags: 0
  m_Script: {fileID: 11500000, guid: 03b157d7625014c58bfbad3513f40289, type: 3}
  m_Name: 
  m_EditorClassIdentifier: 
  m_Color: {r: 1, g: 1, b: 1, a: 1}
  m_Length: 0.50000006
  m_Child: {fileID: 0}
  m_ChildTransform: {fileID: 4416742907193496}
  m_AttachedIK: {fileID: 114621146469148998}
--- !u!114 &114881960721832788
MonoBehaviour:
  m_ObjectHideFlags: 1
  m_PrefabParentObject: {fileID: 0}
  m_PrefabInternal: {fileID: 100100000}
  m_GameObject: {fileID: 1264863935612890}
  m_Enabled: 1
  m_EditorHideFlags: 0
  m_Script: {fileID: 11500000, guid: 5ec17ceaa560940e9bf0dbeafc3a1971, type: 3}
  m_Name: 
  m_EditorClassIdentifier: 
  m_SpriteMesh: {fileID: 11400000, guid: ea0b4414ab53fe34e9861ecce7f44a96, type: 2}
  m_Color: {r: 1, g: 1, b: 1, a: 1}
  m_Materials:
  - {fileID: 10754, guid: 0000000000000000f000000000000000, type: 0}
  m_SortingLayerID: -1461910193
  m_SortingOrder: 30
  m_Bones: []
  m_BoneTransforms:
  - {fileID: 4285578181436332}
  - {fileID: 4103613927636256}
--- !u!114 &114896537581147848
MonoBehaviour:
  m_ObjectHideFlags: 1
  m_PrefabParentObject: {fileID: 0}
  m_PrefabInternal: {fileID: 100100000}
  m_GameObject: {fileID: 1247460970039322}
  m_Enabled: 1
  m_EditorHideFlags: 0
  m_Script: {fileID: 11500000, guid: 315ee65f910e84c6c8c8b891a9513484, type: 3}
  m_Name: 
  m_EditorClassIdentifier: 
  m_Target: {fileID: 0}
  m_Record: 0
  m_TargetTransform: {fileID: 4516635485220758}
  m_NumBones: 1
  m_Weight: 1
  m_RestoreDefaultPose: 1
  m_OrientChild: 1
  iterations: 10
  damping: 0.8
  m_Solver:
    m_RootBone: {fileID: 0}
    m_RootBoneTransform: {fileID: 4516635485220758}
    m_SolverPoses:
    - m_Bone: {fileID: 0}
      m_BoneTransform: {fileID: 4516635485220758}
      solverPosition: {x: 0.0000006251994, y: -0.0000025190313, z: 0}
      solverRotation: {x: 0, y: 0, z: 0.4451295, w: 0.8954662}
      defaultLocalRotation: {x: -0, y: -0, z: 0.59811497, w: 0.8014103}
    m_Weight: 1
    m_RestoreDefaultPose: 1
    targetPosition: {x: -117.869225, y: 84.98437, z: 0}
    iterations: 10
    damping: 0.8
--- !u!114 &114897403051030626
MonoBehaviour:
  m_ObjectHideFlags: 1
  m_PrefabParentObject: {fileID: 0}
  m_PrefabInternal: {fileID: 100100000}
  m_GameObject: {fileID: 1989857526573896}
  m_Enabled: 1
  m_EditorHideFlags: 0
  m_Script: {fileID: 11500000, guid: 03b157d7625014c58bfbad3513f40289, type: 3}
  m_Name: 
  m_EditorClassIdentifier: 
  m_Color: {r: 1, g: 1, b: 1, a: 1}
  m_Length: 0.06834052
  m_Child: {fileID: 0}
  m_ChildTransform: {fileID: 4654745968524648}
  m_AttachedIK: {fileID: 114436218459500344}
--- !u!114 &114918525453285934
MonoBehaviour:
  m_ObjectHideFlags: 1
  m_PrefabParentObject: {fileID: 0}
  m_PrefabInternal: {fileID: 100100000}
  m_GameObject: {fileID: 1937970376044940}
  m_Enabled: 1
  m_EditorHideFlags: 0
  m_Script: {fileID: 11500000, guid: 03b157d7625014c58bfbad3513f40289, type: 3}
  m_Name: 
  m_EditorClassIdentifier: 
  m_Color: {r: 1, g: 1, b: 1, a: 1}
  m_Length: 0.51000077
  m_Child: {fileID: 0}
  m_ChildTransform: {fileID: 4386471921651232}
  m_AttachedIK: {fileID: 114621146469148998}
--- !u!114 &114936039253872694
MonoBehaviour:
  m_ObjectHideFlags: 1
  m_PrefabParentObject: {fileID: 0}
  m_PrefabInternal: {fileID: 100100000}
  m_GameObject: {fileID: 1677525276002846}
  m_Enabled: 1
  m_EditorHideFlags: 0
  m_Script: {fileID: 11500000, guid: 5ec17ceaa560940e9bf0dbeafc3a1971, type: 3}
  m_Name: 
  m_EditorClassIdentifier: 
  m_SpriteMesh: {fileID: 11400000, guid: b32d38b7b1c11524e9528977360d5333, type: 2}
  m_Color: {r: 1, g: 1, b: 1, a: 1}
  m_Materials:
  - {fileID: 10754, guid: 0000000000000000f000000000000000, type: 0}
  m_SortingLayerID: -1461910193
  m_SortingOrder: 0
  m_Bones: []
  m_BoneTransforms:
  - {fileID: 4613133776154928}
  - {fileID: 4931253182886850}
--- !u!114 &114936708324553616
MonoBehaviour:
  m_ObjectHideFlags: 1
  m_PrefabParentObject: {fileID: 0}
  m_PrefabInternal: {fileID: 100100000}
  m_GameObject: {fileID: 1463221099528636}
  m_Enabled: 1
  m_EditorHideFlags: 0
  m_Script: {fileID: 11500000, guid: 03b157d7625014c58bfbad3513f40289, type: 3}
  m_Name: 
  m_EditorClassIdentifier: 
  m_Color: {r: 1, g: 1, b: 1, a: 1}
  m_Length: 0.07
  m_Child: {fileID: 0}
  m_ChildTransform: {fileID: 0}
  m_AttachedIK: {fileID: 114436218459500344}
--- !u!114 &114969902366920492
MonoBehaviour:
  m_ObjectHideFlags: 1
  m_PrefabParentObject: {fileID: 0}
  m_PrefabInternal: {fileID: 100100000}
  m_GameObject: {fileID: 1858109288655084}
  m_Enabled: 1
  m_EditorHideFlags: 0
  m_Script: {fileID: 11500000, guid: 315ee65f910e84c6c8c8b891a9513484, type: 3}
  m_Name: 
  m_EditorClassIdentifier: 
  m_Target: {fileID: 0}
  m_Record: 0
  m_TargetTransform: {fileID: 4386471921651232}
  m_NumBones: 1
  m_Weight: 1
  m_RestoreDefaultPose: 1
  m_OrientChild: 1
  iterations: 10
  damping: 0.8
  m_Solver:
    m_RootBone: {fileID: 0}
    m_RootBoneTransform: {fileID: 4386471921651232}
    m_SolverPoses:
    - m_Bone: {fileID: 0}
      m_BoneTransform: {fileID: 4386471921651232}
      solverPosition: {x: 0.0000015038867, y: -0.00000085055785, z: 0}
      solverRotation: {x: 0, y: 0, z: 0.6438762, w: 0.7651297}
      defaultLocalRotation: {x: -0, y: -0, z: 0.7108687, w: 0.70332474}
    m_Weight: 1
    m_RestoreDefaultPose: 1
    targetPosition: {x: -118.356636, y: 84.93248, z: 0}
    iterations: 10
    damping: 0.8
--- !u!137 &137037801774676928
SkinnedMeshRenderer:
  m_ObjectHideFlags: 1
  m_PrefabParentObject: {fileID: 0}
  m_PrefabInternal: {fileID: 100100000}
  m_GameObject: {fileID: 1640465845514754}
  m_Enabled: 1
  m_CastShadows: 1
  m_ReceiveShadows: 1
  m_DynamicOccludee: 1
  m_MotionVectors: 1
  m_LightProbeUsage: 1
  m_ReflectionProbeUsage: 1
  m_Materials:
  - {fileID: 10754, guid: 0000000000000000f000000000000000, type: 0}
  m_StaticBatchInfo:
    firstSubMesh: 0
    subMeshCount: 0
  m_StaticBatchRoot: {fileID: 0}
  m_ProbeAnchor: {fileID: 0}
  m_LightProbeVolumeOverride: {fileID: 0}
  m_ScaleInLightmap: 1
  m_PreserveUVs: 0
  m_IgnoreNormalsForChartDetection: 0
  m_ImportantGI: 0
  m_StitchLightmapSeams: 0
  m_SelectedEditorRenderState: 3
  m_MinimumChartSize: 4
  m_AutoUVMaxDistance: 0.5
  m_AutoUVMaxAngle: 89
  m_LightmapParameters: {fileID: 0}
  m_SortingLayerID: -1461910193
  m_SortingLayer: 3
  m_SortingOrder: 1
  serializedVersion: 2
  m_Quality: 0
  m_UpdateWhenOffscreen: 0
  m_SkinnedMotionVectors: 1
  m_Mesh: {fileID: 43013507170030628, guid: b78747139cb22d541862d2c514239d60, type: 2}
  m_Bones:
  - {fileID: 4770471458427042}
  - {fileID: 4147977523186848}
  - {fileID: 4516635485220758}
  - {fileID: 4118796514994052}
  m_BlendShapeWeights: []
  m_RootBone: {fileID: 4770471458427042}
  m_AABB:
    m_Center: {x: 0.48889384, y: -0.051239625, z: 0}
    m_Extent: {x: 0.70400584, y: 0.24892257, z: 0}
  m_DirtyAABB: 0
--- !u!137 &137469219108539266
SkinnedMeshRenderer:
  m_ObjectHideFlags: 1
  m_PrefabParentObject: {fileID: 0}
  m_PrefabInternal: {fileID: 100100000}
  m_GameObject: {fileID: 1209905477733124}
  m_Enabled: 1
  m_CastShadows: 1
  m_ReceiveShadows: 1
  m_DynamicOccludee: 1
  m_MotionVectors: 1
  m_LightProbeUsage: 1
  m_ReflectionProbeUsage: 1
  m_Materials:
  - {fileID: 10754, guid: 0000000000000000f000000000000000, type: 0}
  m_StaticBatchInfo:
    firstSubMesh: 0
    subMeshCount: 0
  m_StaticBatchRoot: {fileID: 0}
  m_ProbeAnchor: {fileID: 0}
  m_LightProbeVolumeOverride: {fileID: 0}
  m_ScaleInLightmap: 1
  m_PreserveUVs: 0
  m_IgnoreNormalsForChartDetection: 0
  m_ImportantGI: 0
  m_StitchLightmapSeams: 0
  m_SelectedEditorRenderState: 3
  m_MinimumChartSize: 4
  m_AutoUVMaxDistance: 0.5
  m_AutoUVMaxAngle: 89
  m_LightmapParameters: {fileID: 0}
  m_SortingLayerID: -1461910193
  m_SortingLayer: 3
  m_SortingOrder: 10
  serializedVersion: 2
  m_Quality: 0
  m_UpdateWhenOffscreen: 0
  m_SkinnedMotionVectors: 1
  m_Mesh: {fileID: 43985676670116600, guid: 45fad752e1e2d9847826e577610f7982, type: 2}
  m_Bones:
  - {fileID: 4900644771355188}
  - {fileID: 4260939840766420}
  - {fileID: 4877119569995488}
  - {fileID: 4227723616879118}
  - {fileID: 4548653869391390}
  - {fileID: 4654745968524648}
  - {fileID: 4625171715624692}
  - {fileID: 4977229749340632}
  m_BlendShapeWeights: []
  m_RootBone: {fileID: 4900644771355188}
  m_AABB:
    m_Center: {x: 0.61992794, y: 0.022820562, z: 0}
    m_Extent: {x: 0.7974195, y: 0.36568904, z: 0}
  m_DirtyAABB: 0
--- !u!137 &137502989672834600
SkinnedMeshRenderer:
  m_ObjectHideFlags: 1
  m_PrefabParentObject: {fileID: 0}
  m_PrefabInternal: {fileID: 100100000}
  m_GameObject: {fileID: 1677525276002846}
  m_Enabled: 1
  m_CastShadows: 1
  m_ReceiveShadows: 1
  m_DynamicOccludee: 1
  m_MotionVectors: 1
  m_LightProbeUsage: 1
  m_ReflectionProbeUsage: 1
  m_Materials:
  - {fileID: 10754, guid: 0000000000000000f000000000000000, type: 0}
  m_StaticBatchInfo:
    firstSubMesh: 0
    subMeshCount: 0
  m_StaticBatchRoot: {fileID: 0}
  m_ProbeAnchor: {fileID: 0}
  m_LightProbeVolumeOverride: {fileID: 0}
  m_ScaleInLightmap: 1
  m_PreserveUVs: 0
  m_IgnoreNormalsForChartDetection: 0
  m_ImportantGI: 0
  m_StitchLightmapSeams: 0
  m_SelectedEditorRenderState: 3
  m_MinimumChartSize: 4
  m_AutoUVMaxDistance: 0.5
  m_AutoUVMaxAngle: 89
  m_LightmapParameters: {fileID: 0}
  m_SortingLayerID: -1461910193
  m_SortingLayer: 3
  m_SortingOrder: 0
  serializedVersion: 2
  m_Quality: 0
  m_UpdateWhenOffscreen: 0
  m_SkinnedMotionVectors: 1
  m_Mesh: {fileID: 43116440997587038, guid: b32d38b7b1c11524e9528977360d5333, type: 2}
  m_Bones:
  - {fileID: 4613133776154928}
  - {fileID: 4931253182886850}
  m_BlendShapeWeights: []
  m_RootBone: {fileID: 4613133776154928}
  m_AABB:
    m_Center: {x: 0.45050663, y: 0.00006182492, z: 0}
    m_Extent: {x: 0.4914627, y: 0.09287528, z: 0}
  m_DirtyAABB: 0
--- !u!137 &137747710356269086
SkinnedMeshRenderer:
  m_ObjectHideFlags: 1
  m_PrefabParentObject: {fileID: 0}
  m_PrefabInternal: {fileID: 100100000}
  m_GameObject: {fileID: 1470529382676936}
  m_Enabled: 1
  m_CastShadows: 1
  m_ReceiveShadows: 1
  m_DynamicOccludee: 1
  m_MotionVectors: 1
  m_LightProbeUsage: 1
  m_ReflectionProbeUsage: 1
  m_Materials:
  - {fileID: 10754, guid: 0000000000000000f000000000000000, type: 0}
  m_StaticBatchInfo:
    firstSubMesh: 0
    subMeshCount: 0
  m_StaticBatchRoot: {fileID: 0}
  m_ProbeAnchor: {fileID: 0}
  m_LightProbeVolumeOverride: {fileID: 0}
  m_ScaleInLightmap: 1
  m_PreserveUVs: 0
  m_IgnoreNormalsForChartDetection: 0
  m_ImportantGI: 0
  m_StitchLightmapSeams: 0
  m_SelectedEditorRenderState: 3
  m_MinimumChartSize: 4
  m_AutoUVMaxDistance: 0.5
  m_AutoUVMaxAngle: 89
  m_LightmapParameters: {fileID: 0}
  m_SortingLayerID: -1461910193
  m_SortingLayer: 3
  m_SortingOrder: 5
  serializedVersion: 2
  m_Quality: 0
  m_UpdateWhenOffscreen: 0
  m_SkinnedMotionVectors: 1
  m_Mesh: {fileID: 43639067133328876, guid: a147a3017deb613499d5102a1eaff103, type: 2}
  m_Bones:
  - {fileID: 4329782827270530}
  - {fileID: 4416742907193496}
  - {fileID: 4386471921651232}
  - {fileID: 4389297258424144}
  m_BlendShapeWeights: []
  m_RootBone: {fileID: 4329782827270530}
  m_AABB:
    m_Center: {x: 0.4898532, y: 0.0009103194, z: 0}
    m_Extent: {x: 0.711436, y: 0.19910237, z: 0}
  m_DirtyAABB: 0
--- !u!137 &137844033951770332
SkinnedMeshRenderer:
  m_ObjectHideFlags: 1
  m_PrefabParentObject: {fileID: 0}
  m_PrefabInternal: {fileID: 100100000}
  m_GameObject: {fileID: 1264863935612890}
  m_Enabled: 1
  m_CastShadows: 1
  m_ReceiveShadows: 1
  m_DynamicOccludee: 1
  m_MotionVectors: 1
  m_LightProbeUsage: 1
  m_ReflectionProbeUsage: 1
  m_Materials:
  - {fileID: 10754, guid: 0000000000000000f000000000000000, type: 0}
  m_StaticBatchInfo:
    firstSubMesh: 0
    subMeshCount: 0
  m_StaticBatchRoot: {fileID: 0}
  m_ProbeAnchor: {fileID: 0}
  m_LightProbeVolumeOverride: {fileID: 0}
  m_ScaleInLightmap: 1
  m_PreserveUVs: 0
  m_IgnoreNormalsForChartDetection: 0
  m_ImportantGI: 0
  m_StitchLightmapSeams: 0
  m_SelectedEditorRenderState: 3
  m_MinimumChartSize: 4
  m_AutoUVMaxDistance: 0.5
  m_AutoUVMaxAngle: 89
  m_LightmapParameters: {fileID: 0}
  m_SortingLayerID: -1461910193
  m_SortingLayer: 3
  m_SortingOrder: 30
  serializedVersion: 2
  m_Quality: 0
  m_UpdateWhenOffscreen: 0
  m_SkinnedMotionVectors: 1
  m_Mesh: {fileID: 43585142982527612, guid: ea0b4414ab53fe34e9861ecce7f44a96, type: 2}
  m_Bones:
  - {fileID: 4285578181436332}
  - {fileID: 4103613927636256}
  m_BlendShapeWeights: []
  m_RootBone: {fileID: 4285578181436332}
  m_AABB:
    m_Center: {x: 0.46353966, y: 0.020263184, z: 0.00006245985}
    m_Extent: {x: 0.49302548, y: 0.108581915, z: 0.007063208}
  m_DirtyAABB: 0
